2649 3686
346 122 380 172 8
1289 119 1601 171 988—1002.

2641 161 2643 181 i

2642 204 2644 240 l

172 296 262 334 95¹8.
346 295 516 334 futurum
546 298 787 349 acquiratur,
828 296 876 336 ab
907 297 1010 336 omni
1039 308 1163 334 censu
1189 293 1252 332 vel
1281 293 1445 331 servitio
1476 293 1601 331 nostri
1630 293 1760 346 juris”
1796 293 2022 333 ahsolutum
2059 297 2134 344 sit;
2177 298 2381 351 episcopis
2417 297 2554 338 harum
2642 276 2646 382 ἴ

111 364 162 395 18.
189 363 320 396 Marm-
346 365 603 409 ecclesiarum
641 368 867 405 immunitas
896 366 944 405 ab
981 365 1084 403 “ulla
1112 363 1271 403 comitis
1299 361 1363 400 vel
1393 361 1562 415 alicujus
1590 363 1677 401 fisci
1706 364 1831 403 nostri
1868 366 2065 404 exactoris
2101 365 2379 407 infestatione”
2415 381 2554 407 conce·
2643 383 2646 413 ι

345 435 469 481 ditur,
500 440 540 475 et
569 436 711 475 fundos
739 436 960 488 ubicunque
990 436 1027 473 in
1056 447 1175 484 regno
1203 432 1327 471 velint
1354 445 1485 471 emere
1513 433 1771 484 permittitur3
1800 433 1935 473 adhaec
1964 435 2069 473 servi
2099 435 2320 489 colonique,
2350 438 2388 476 in
2417 452 2553 477 eorum

346 506 654 557 proprietatibus
683 506 926 551 habitantes,
971 503 1019 542 ab
1054 503 1225 541 omnium
1261 501 1426 540 aliorum
1465 499 1620 541 “banno
1651 502 1712 543 vel
1749 502 1985 557 disciplina”
2020 503 2243 545 liberantur.
2283 528 2330 534 —
2378 507 2552 547 Wildes-

2645 527 2647 544 Ι

346 575 470 614 husen
498 575 589 615 XV.
619 575 768 615 calend.
797 573 921 626 April.
951 572 1083 611 indict.
1113 570 1144 609 I.
2645 565 2649 629 Ἰ

735 643 919 684 Privilegg.
946 640 1124 673 archieccl.
1149 641 1326 674 Hammab.
1351 651 1404 684 ap.
1429 640 1615 675 Lindenbr.
1648 644 1723 676 Ser.
1754 645 1835 678 Ber.
1870 645 1985 677 Germ.
2010 655 2065 677 n0.
2089 645 2186 677 XIV.
2212 655 2243 688 p.
2272 644 2346 678 134.
2397 646 2553 679 Goldasti
2646 633 2649 670 ¹¹

735 705 874 738 Collect.
901 703 1048 735 eonstitt.
1073 702 1209 745 imperr.
1234 705 1294 737 ΙΙΙ.
1319 703 1400 735 311.
1447 703 1563 745 Liinig
1586 706 1625 737 Τ.
1649 706 1692 737 R.
1717 707 1759 737 A.
1783 705 1849 738 vol.
1874 707 1936 739 lv.
1967 707 2006 739 P.
2034 707 2118 739 Gen.
2145 706 2279 739 Contin.
2312 708 2356 740 II.
2381 718 2413 751 p.
2445 708 2492 740 72
2521 712 2555 741 et

732 766 795 799 vol.
821 767 916 798 XVI.
942 764 1062 808 Spieil.
1089 765 1172 798 eccl.
1196 766 1236 798 P.
1261 765 1288 798 1.
1315 764 1451 798 Contin.
1475 764 1505 797 1.
1529 766 1618 799 Anh.
1645 777 1676 809 p.
1701 766 1759 799 81.
1819 767 2001 810 Staphorst
2028 767 2111 800 hist.
2139 768 2220 801 eccl.
2246 769 2364 802 Hamb.
2390 770 2416 802 Ι.
2441 770 2553 810 Theil,

741 827 770 860 l.
808 828 867 859 Bd.
903 839 935 870 p.
972 826 1143 859 310—11.
1205 827 1403 865 Oernhielm
1439 826 1535 872 nist„
1562 829 1730 860 Svennum
1762 828 1858 861 Libr.
1894 830 1937 861 ΙΙ.
1970 829 2003 862 4.
2034 830 2182 862 30-35,
2207 841 2282 873 pag.
2315 830 2483 864 126—27.
2509 850 2553 855 —

735 888 824 921 Cum
848 898 943 920 anno
967 888 1049 921 987
1072 892 1109 921 et
1125 876 1334 922 indictione
1358 888 1404 921 X.
1430 889 1538 931 apud:
1564 889 1742 932 Hvitfeldt,
1768 892 1806 922 B.
1831 891 1936 922 Kron.
1963 890 1997 923 in
2022 892 2054 924 4.
2081 891 2141 924 foi.
2166 891 2276 934 Jiiij.;
2303 892 2337 925 in
2357 892 2418 925 fol.
2432 903 2464 935 p.
2484 893 2551 933 363

730 953 880 982 Messen.
907 951 1031 982 seond.
1057 950 1181 983 illustr.
1208 953 1246 983 Τ.
1271 952 1332 983 ΙΧ.
1359 961 1390 993 p.
1415 950 1550 992 9—103
1575 952 1716 983 Pontan.
1737 953 1817 984 Rer.
1839 953 1924 984 Dan.
1939 951 2019 986 hist.
2043 953 2100 986 lib.
2120 955 2166 986 V.
2190 965 2222 998 p.
2247 953 2331 996 1373
2354 952 2574 997 Pontoppid.‘

720 1000 862 1045 Annali.
887 1014 914 1045 1.
940 1013 1003 1054 823
1029 1012 1180 1055 Holberg
1202 1014 1323 1045 Danm.
1348 1011 1438 1044 Hist.
1466 1013 1492 1045 Ι.
1521 1011 1666 1045 102-3.
2433 1028 2437 1031 -

165 1164 254 1202 959.
1379 1145 1494 1196 989.

127 1266 147 1293 8
171 1264 290 1294 Mvhr.
597 1253 688 1304 [29]
745 1254 967 1295 Jonaem'ms
999 1253 1161 1307 (XVlti)
1190 1268 1302 1308 papa>
1326 1255 1377 1293 ad
1398 1255 1657 1294 Liavizonem
1686 1254 2030 1309 archiepiscopum
2060 1256 2400 1309 Hamburgensem
2430 1257 2548 1305 bulla,

339 1323 403 1362 uhi
427 1323 628 1375 privilegia
649 1328 688 1362 et
712 1327 991 1377 suprematiam
1013 1325 1193 1364 ecclesiae
1217 1324 1534 1377 Hamhurgensis
1559 1329 1599 1364 et
1628 1324 1919 1379 archiepiscopi
1944 1339 1967 1364 a
1994 1323 2359 1379 praedecessoribus
2380 1328 2548 1367 'Nicolao

339 1397 378 1430 et
405 1394 576 1446 Agapito
606 1407 800 1433 concessa
836 1396 1058 1442 confirmat,
1100 1396 1288 1434 videlicet
1315 1399 1359 1434 ut
1393 1395 1720 1449 archiepiscopus
1753 1397 2035 1448 suprematiam
2072 1397 2219 1436 habeat
2254 1399 2292 1436 in
2329 1399 2548 1452 episcopos

340 1464 405 1501 “in
437 1463 618 1503 omnihus
647 1464 832 1516 gentibus
861 1465 1063 1504 Sueonum
1094 1466 1180 1504 sive
1208 1466 1429 1513 Danorum,
1458 1480 1531 1505 nec
1561 1480 1637 1504 non
1669 1466 1787 1504 etiam
1817 1466 1856 1504 in
1887 1465 1966 1504 illis
1994 1466 2175 1518 partibus
2205 1467 2432 1515 Slavorum,
2463 1482 2548 1521 quae

336 1537 427 1571 sunt
449 1547 470 1572 a
492 1534 646 1574 flumine
661 1534 770 1574 Pene
792 1549 919 1588 usque
943 1535 994 1574 ad
1015 1535 1174 1574 fluvium
1198 1535 1447 1587 Egid(0)re’'.
1472 1558 1520 1563 —
1548 1535 1616 1573 VL
1644 1535 1695 1574 id.
1712 1535 1924 1575 Novemhr.
1951 1536 2086 1575 indict.
2111 1536 2178 1576 III.
2201 1538 2341 1590 pontif.
2365 1551 2466 1577 anno
2495 1538 2547 1577 Χ.

701 1606 903 1648 Staphorst
933 1605 1023 1638 nist.
1059 1605 1194 1638 Eecles.
1232 1605 1417 1647 Hamburg.
1468 1605 1498 1638 1.
1535 1605 1652 1646 Theil,
1692 1605 1708 1638 1
1746 1606 1808 1638 Bd.
1845 1617 1876 1649 p.
1901 1606 2016 1639 316—
2021 1606 2074 1640 17.
2122 1608 2300 1650 Liljegren
2324 1608 2546 1652 Diplomatar.

722 1670 864 1701 Svecan.
889 1669 916 1701 Ι.
942 1678 997 1701 no.
1026 1667 1078 1700 17.
1104 1678 1136 1710 p.
1160 1667 1298 1700 31-33
1324 1667 1389 1711 (ad
1413 1677 1489 1700 ann.
1515 1666 1619 1711 988).

159 1809 247 1847 995.
1384 1800 1499 1852 995.

151 1904 262 1935 ΝΜΟ·
593 1910 685 1963 [30.]
742 1910 958 1952 JOHANNIS
997 1905 1168 1963 (vanf)
1205 1926 1316 1965 papae
1344 1910 1470 1958 hulla,
1513 1911 1706 1950 Livezoni
1736 1911 2038 1966 archiepiscopo
2068 1913 2359 1967 Hamhurgensi
2397 1916 2548 1963 missa,

336 1991 408 2029 qua
450 1983 578 2019 onmia
609 1984 699 2035 jura
736 1982 915 2022 ecclesiae
954 1983 1311 2035 Hammaburgensi
1346 1995 1369 2020 a
1404 1981 1770 2035 praedecessorihus
1803 1982 2000 2022 Johannis
2036 1984 2127 2023 data
2164 1986 2377 2024 confirmat.
2415 2008 2464 2014 -
2502 1986 2543 2026 ln

332 2062 466 2089 mense
495 2051 633 2100 Junio,
663 2052 877 2091 indictione
907 2067 1022 2091 nona.
1471 2086 1475 2097 ,

723 2123 902 2165 Staphorst
925 2123 1015 2156 Hist.
1040 2123 1132 2156 Eecl.
1156 2124 1340 2164 Hamburg.
1365 2124 1392 2156 I.
1418 2123 1480 2155 Th.
1510 2123 1539 2156 l.
1565 2125 1603 2156 Β.
1636 2134 1667 2166 p.
1692 2123 1864 2156 319—20.
1911 2124 2088 2166 Liljegren
2106 2124 2326 2168 Diplomatar.
2353 2127 2492 2160 Svecan.
2515 2128 2542 2160 Ι.

722 2194 778 2216 no.
806 2184 859 2217 18.
883 2196 915 2228 p.
939 2185 1075 2217 33—3-1
1100 2185 1170 2228 (ad.
1186 2196 1264 2218 ann.
1288 2184 1390 2228 996).

590 2245 691 2294 [31.]
749 2246 922 2286 “Foedus
952 2250 992 2285 et
1016 2250 1193 2299 pactum,
1225 2246 1330 2299 quod
1359 2246 1615 2285 AEthelredus
1641 2247 1724 2297 (ΙΙ.)
1752 2262 1820 2286 rex
1850 2251 1890 2288 et
1919 2249 2124 2300 sapientes
2150 2261 2240 2286 cum
2268 2250 2444 2288 exercitu
2473 2249 2540 2289 illo

333 2314 526 2354 severunt.
573 2317 639 2368 qui
670 2330 757 2355 cum
786 2317 941 2356 Anlavo
972 2321 1013 2355 et
1039 2316 1200 2356 Justino
1231 2321 1271 2356 et
1301 2316 1557 2356 Guthmundo
1588 2317 1794 2369 Stegetani
1833 2318 1912 2357 filio
1943 2317 2095 2364 erant''‚
2140 2331 2216 2370 quo
2245 2333 2322 2372 pax
2351 2323 2547 2372 perpetua.

332 2385 525 2429 sancitur.
571 2389 611 2424 et
653 2386 836 2424 nonnulla
868 2387 959 2438 jura
987 2386 1205 2426 DAmoanm
1247 2391 1287 2426 et
1320 2387 1538 2439 Anglorum
1576 2387 1745 2427 invicem
1784 2389 2007 2441 (speciatim
2046 2387 2095 2426 de
2133 2387 2364 2439 homicidio)
2394 2391 2540 2428 consti-

333 2457 489 2491 tuuntur
517 2454 585 2503 (X.
615 2457 798 2505 articuvg.
830 2464 878 2483 -’-
911 2457 1006 2495 Sine
1036 2470 1150 2495 anno.
2002 2457 2289 2509 (Anglosaxon.
2319 2463 2360 2498 et
2388 2459 2537 2510 latine).

721 2527 907 2559 Lambardi
933 2526 1199 2568 arehaionomia,
1227 2526 1357 2570 (1568)
1381 2526 1443 2559 fol.
1468 2526 1624 2570 85—895
1661 2526 1790 2570 (1644)
1815 2538 1846 2570 p.
1878 2526 2028 2560 90—94.
2082 2527 2245 2561 wilkins
2276 2528 2371 2570 leges
2402 2529 2538 2570 Anglo-

719 2599 835 2620 saxon.
861 2599 892 2631 p.
921 2588 1110 2621 104—106.
1167 2591 1245 2620 Lat.
1272 2588 1448 2631 interpret.
1474 2588 1508 2621 in
1533 2589 1613 2621 Joh.
1640 2591 1810 2621 Bromton.
1836 2588 1995 2621 chronico
2023 2599 2076 2631 ap.
2103 2590 2274 2632 Twysden
2296 2590 2385 2623 nist.
2411 2590 2538 2632 Angli-

720 2659 813 2682 canae
838 2648 1024 2692 scriptores
1051 2650 1114 2682 col.
1139 2650 1334 2682 899—901.
1395 2651 1629 2691 Anglosaxon.
1662 2661 1737 2683 cum
1765 2660 1920 2691 german.
1946 2649 2121 2694 interpret.
2147 2661 2198 2694 ap.
2224 2652 2363 2685 Schmid
2389 2654 2536 2685 Gesetze

719 2712 779 2743 der
805 2711 1061 2753 Angelsachsen
1089 2713 1132 2744 II.
1164 2710 1355 2744 113—117.
1416 2712 1467 2744 Ex
1492 2712 1585 2743 fonte
1618 2711 1716 2744 nobis
1748 2711 1863 2753 ignoto
1892 2712 2007 2744 hausit
2032 2713 2264 2757 Lambardus,
2303 2724 2397 2757 quem
2431 2713 2536 2746 ceteri

722 2774 872 2805 editores
917 2776 1113 2816 sequuntur.
1178 2773 1368 2815 Angiosax.
1402 2783 1477 2805 cum
1514 2772 1655 2815 interpr.
1692 2773 1793 2814 Angl.
1825 2773 1874 2805 in:
1913 2774 2090 2818 (Thorpe)
2127 2774 2292 2808 “Ancient
2326 2777 2433 2807 Laws
2470 2776 2536 2808 and

718 2834 898 2866 Institutes
925 2836 964 2868 of
984 2834 1084 2876 Engl.
1113 2835 1165 2867 ed.
1191 2836 1235 2880 by
1261 2836 1318 2868 the
1344 2834 1733 2867 Record-Commission
1760 2846 1792 2877 p.
1823 2835 2021 2879 121—1245
2054 2836 2179 2870 Latine
2202 2836 2280 2869 ibid.
2305 2847 2338 2879 p.
2362 2836 2534 2870 527—28.

720 2894 858 2940 (ai-ticc-
884 2897 968 2940 IX).
990 2915 1040 2920 —
1065 2897 1138 2929 cfr.
1165 2898 1270 2930 Suhm
1296 2896 1387 2929 nist.
1413 2896 1454 2928 af
1472 2895 1622 2928 Danink.
1647 2896 1710 2928 111.
1735 2896 1929 2930 287—289.

108 3065 142 3088 c.
176 3052 288 3091 1002.
1319 3059 1358 3092 c.
1394 3042 1536 3091 1002.

593 3150 692 3198 [32]
749 3153 881 3205 Les-res
920 3160 1049 3208 “quas
1090 3155 1331 3195 Etheh·edus
1374 3153 1503 3203 (flans)
1546 3168 1612 3193 rex
1656 3158 1696 3193 et
1739 3156 1949 3208 sapientes
1986 3156 2050 3194 sui
2093 3156 2383 3195 constituerunt
2425 3157 2532 3209 apud

333 3217 603 3269 Venetyogum
642 3221 689 3258 ad
731 3225 1040 3266 emendationem
1078 3227 1191 3279 pacis
1236 3229 1276 3265 et
1318 3224 1522 3265 felicitatis
1558 3225 1884 3273 incrementum'’‚
1922 3225 2073 3265 articuli
2104 3225 2236 3264 XXX.
2272 3227 2327 3276 (in
2366 3227 2529 3266 articulo
