2649 3686
146 324 262 362 1:311.

77 394 129 425 16.
151 391 308 435 Augusti.

107 529 138 559 ὕ.
166 528 296 570 septbr.

114 1138 144 1167 2.
172 1135 305 1167 Octobr.

89 1473 137 1504 17.
172 1472 304 1504 Octobr.

101 1812 149 1843 11,
183 1811 303 1843 Novbr.

96 2089 149 2119 25.
183 2089 304 2120 Novbr.

102 2434 151 2465 15.
187 2434 304 2467 Decbr.

112 2700 161 2731 18.
188 2701 305 2733 Dccbr.

160 3009 273 3047 1:312.

105 3093 137 3123 7.
164 3093 304 3124 Januar.

329 151 428 200 212
1137 140 1290 188 Iioxe
1324 135 1455 183 Ehux
1488 133 1726 180 oissxvsn.

336 218 2537 246 ---,---,-,----,.--------------------

594 319 749 369 [1747]
805 317 929 356 Emer
959 316 1158 354 Danorurn
1187 311 1294 360 regis
1323 305 1515 359 diploma,
1559 316 1636 355 quo
1666 301 1874 354 privilegia
1905 300 2041 353 oppidi
2070 300 2298 346 Ribbenitz,
2328 315 2351 340 a
2379 302 2539 342 wolde.

334 384 441 433 maro
472 393 630 431 domino
659 394 768 428 terrae
798 385 978 426 Rostock
1008 384 1117 428 data,
1147 378 1359 418 confirmat.
1385 394 1434 402 -
1476 371 1792 418 Warnemnnde,
1821 374 1984 422 postero
2008 371 2079 414 vdie
2108 373 2370 411 assumtionis
2391 371 2539 412 Mariae.

724 457 895 490 Scin-(ider
920 453 1046 496 Papist.
1072 448 1242 483 Mcklenb.
1268 447 1296 478 Ι.
1320 441 1492 475 926-29,
1543 442 1617 474 Cfr.
1642 439 1875 482 Westphalen
1899 442 2051 473 Monum.
2077 440 2165 473 ined.
2193 441 2254 473 lV.
2279 440 2451 474 848—49.

595 519 750 568 [1748]
807 518 995 556 ΗΕΝηιοι
1040 511 1186 550 domini
1228 504 1528 557 Magapolensis
1572 507 1611 542 et
1648 501 1885 553 Stargardiae
1929 501 2123 553 diploma,
2173 515 2250 555 quo
2290 503 2453 550 fatetur,
2497 517 2541 542 se

333 595 572 633 munitiones
601 595 640 629 et
669 594 791 628 terras
821 588 857 624 in
888 584 1059 622 dominio
1088 576 1348 619 Rostokiensi
1378 573 1427 612 ab
1450 572 1571 611 Erico
1601 572 1738 610 Daniae
1768 586 1859 623 rege
1891 576 2079 624 tanquam
2109 576 2402 625 procuratorem
2432 585 2541 612 acce-

333 666 460 717 pisse,
491 666 531 700 ct
560 660 704 698 idcirco
734 657 940 710 pollicetur
967 651 1142 695 easdem,
1172 660 1292 700 quum
1321 658 1344 682 a
1372 657 1464 694 rege
1494 643 1583 694 ipso
1613 642 1675 680 vel
1704 641 2011 680 successoribus
2041 642 2131 693 ejus
2162 643 2392 694 requisitum
2415 641 2542 688 fuerit,

344 749 349 755 ’
377 733 508 771 ‹hlei-e.

334 749 434 847 iiim,
466 800 655 839 Otthonis
681 797 794 835 ducis
822 791 1102 835 Stettinensis,
1132 785 1323 824 Wartzlai
1354 782 1469 820 ducis
1499 782 1706 820 Slavorum
1736 784 1777 820 et
1806 780 2034 826 Cassubiae,
2065 781 2256 820 Otthonis
2279 781 2395 820 ducis
2417 781 2543 820 Lune-

333 871 541 913 burffensis
566 868 757 921 junioris,
787 867 827 902 et
854 859 1027 912 Adolphi
1058 857 1216 896 comitis
1247 854 1295 892 de
1326 851 1633 903 Schauenburg,
1674 851 1755 903 regi
1793 852 1937 890 sistere
1976 852 2014 890 in
2052 851 2319 890 vadimonium
2349 851 2542 904 praedictae

336 940 586 993 obligationis
614 933 854 989 praestandae.
885 952 934 957 —
964 926 1214 976 Nabtscltoff,
1245 924 1342 962 seria
1372 922 1420 961 ΙΙ.
1449 936 1561 974 prox.
1592 925 1682 959 ante
1712 922 1832 959 nativ.
1861 921 2011 960 Mariae.

720 1000 887 1036 Hvitfeldt
918 1000 1036 1030 Danm.
1070 996 1177 1036 Riges
1204 995 1313 1026 Kriin.
1348 1004 1380 1036 p.
1412 991 1482 1024 356
1518 991 1589 1034 (ed.
1624 991 1658 1023 in
1692 991 1725 1023 4.
1751 993 1790 1023 Τ.
1816 992 1877 1024 111.
1912 1002 1944 1033 p.
1974 990 2083 1034 142.)
2144 992 2286 1024 Pontem,
2311 992 2412 1024 Rex-p,
2436 992 2543 1023 naun,

724 1061 881 1096 Historia
904 1060 998 1092 Libr.
1024 1058 1103 1090 VII.
1130 1068 1161 1100 p.
1187 1056 1265 1088 406.
1314 1053 1541 1096 Westphalen
1566 1055 1718 1085 Monum.
1745 1052 1834 1084 ined.
1861 1053 1924 1085 IV.
1949 1052 2122 1085 955—56.

591 1125 743 1176 [1749]
800 1123 942 1161 Literae
981 1119 1180 1158 Hnooms
1212 1117 1432 1163 GERALDI,
1469 1114 1735 1154 archidiaconi
1765 1114 1970 1166 Angensis
2006 1115 2044 1153 in
2074 1114 2247 1154 eeclesia
2274 1113 2542 1153 Rothomensi

332 1207 371 1242 et
396 1200 583 1254 capellani
612 1209 743 1249 papae,
787 1192 932 1245 quihus
962 1192 1150 1235 testatur,
1193 1187 1391 1240 Esgerum
1421 1186 1590 1225 electum
1619 1184 1876 1224 Lundensem
1908 1184 1985 1237 ipsi
2016 1198 2109 1223 sese
2139 1198 2228 1223 cum
2257 1184 2545 1237 procuratorio,

331 1284 450 1323 supra
481 1269 553 1308 sub
584 1281 651 1309 no.
680 1264 793 1303 1744.
823 1261 963 1308 allato,
1007 1262 1288 1312 praesentasse.
1320 1279 1368 1284 —
1418 1256 1602 1303 Viennae,
1648 1254 1825 1295 secundo
1855 1255 2008 1294 mensis
2038 1254 2249 1301 Octobris,
2292 1254 2431 1307 pontif.
2461 1253 2545 1293 Cle-

331 1341 475 1380 mentis
504 1338 628 1390 quinti
658 1348 757 1373 anno
789 1335 916 1371 sexto.

722 1402 906 1443 Langebek
934 1399 1071 1442 Scriptt.
1097 1399 1160 1431 VI.
1185 1397 1358 1430 419—20.

590 1465 745 1514 [1750]
805 1462 1092 1502 Testimonium
1130 1472 1356 1499 consonum
1395 1462 1446 1498 etv
1470 1471 1616 1498 civium
1656 1458 1903 1497 Rtrssusmm
1941 1457 1990 1496 de
2027 1457 2251 1496 scotatione
2291 1460 2478 1495 terrarum
2508 1457 2546 1496 in

330 1537 648 1589 Bathmaengath,
690 1534 916 1573 Hermanno
947 1531 1091 1570 Dattael
1120 1544 1190 1583 per
1218 1529 1489 1568 Hermannum
1518 1527 1636 1567 Bund
1665 1528 1792 1574 saeta,
1835 1542 1906 1581 pro
1945 1527 2072 1566 tribus
2110 1528 2256 1566 marcis
2286 1526 2546 1574 denariorum,

330 1610 529 1648 annuatim
556 1607 758 1645 canonicis
780 1601 1030 1656 Ripensihus
1052 1599 1257 1640 solvendis
1281 1613 1351 1652 pro
1375 1600 1644 1638 anniversario
1669 1597 1913 1649 walburgis,
1943 1598 2080 1636 uxoris
2103 1596 2318 1636 Hermanni
2340 1597 2471 1636 Bund.
2495 1619 2543 1625 --

328 1679 460 1718 Pridie
488 1678 606 1717 Lucae
636 1674 900 1726 evangelistae.

720 1746 894 1786 Terpager
918 1741 1012 1785 Ripae
1039 1741 1167 1774 Cimbr.
1192 1751 1224 1784 p.
1254 1739 1423 1772 109-10.

588 1807 744 1856 [1751]
801 1804 926 1844 Enicl
957 1804 1159 1852 Danorum
1188 1803 1294 1853 regis
1323 1801 1544 1852 assignatio
1574 1799 1625 1840 ad
1653 1799 1842 1839 consules
1871 1797 2157 1847 Lubecenses,
2199 1803 2243 1838 ut
2281 1814 2329 1838 ex
2357 1800 2546 1852 pecunia,

328 1894 442 1933 quam
474 1881 511 1918 in
541 1879 644 1918 sesto
673 1876 891 1916 nativitatis
923 1873 1069 1912 Christi
1108 1874 1143 1912 ei
1183 1872 1337 1911 solvere
1367 1857 1622 1917 tenebantur,
1652 1874 1804 1923 partem
1833 1869 2006 1909 Henrico
2037 1871 2195 1910 domin'o
2224 1870 2546 1923 Meklenburgico

330 1951 538 1989 solverent.
569 1972 617 1977 ——
649 1947 693 1986 In
724 1946 826 1985 festo
858 1945 901 1983 S.
931 1943 1105 1982 Martini.
1687 1996 1693 2005 .

721 2015 900 2049 sartorius
927 2015 1051 2047 Gesch.
1078 2014 1110 2046 d.
1135 2014 1255 2046 Hanse
1280 2013 1333 2045 ed.
1358 2012 1529 2055 Lappenb.
1554 2011 1599 2044 ΙΙ.
1625 2021 1680 2043 no.
1707 2011 1872 2044 CXVIle.
1897 2011 1930 2044 b.
1954 2023 1987 2054 p.
2013 2011 2092 2044 243.

591 2079 745 2128 [1752]
804 2078 948 2117 Literae
974 2088 1169 2115 cAPrrnm
1195 2075 1416 2120 Ru’nwffls,
1448 2073 1594 2126 quibus
1618 2076 1799 2119 testatur,
1829 2072 2085 2112 Franciscum
2110 2072 2264 2112 Nicolai
2288 2073 2337 2111 de
2361 2072 2547 2121 Tibertis,

330 2155 620 2205 procuratorem
649 2150 809 2188 fratrum
837 2147 885 2186 de
915 2147 1032 2185 domo
1058 2144 1113 2184 Sti
1149 2145 1349 2184 Johannis
1370 2143 1710 2196 Jerosolymitani‚
1741 2145 1892 2182 ratione
1920 2143 2091 2182 subsidii
2121 2147 2231 2181 terrae
2262 2147 2409 2182 sanetae
2439 2144 2545 2183 colli-

329 2222 459 2274 gendi,
488 2221 746 2259 Alamannum
776 2219 934 2257 fratrem
958 2216 1139 2270 ejusdem
1162 2215 1316 2275 =ordinis
1339 2220 1378 2254 et
1401 2214 1545 2253 domus
1569 2215 1832 2253 constituisse
1854 2216 2146 2266 procuratorem
2169 2226 2285 2252 suum
2308 2214 2345 2251 in
2370 2213 2546 2253 dioecesi

329 2293 512 2345 Ripensi.
543 2313 592 2318 —
623 2291 764 2343 Ripz's,
803 2290 840 2327 in
871 2287 935 2326 die
964 2287 1088 2326 beatoe
1115 2286 1313 2324 Katerinae
1343 2286 1521 2336 virginis.

724 2362 900 2402 Terpager
925 2357 1019 2400 Ripae
1046 2357 1177 2389 CImbr.
1202 2367 1234 2398 p.
1259 2355 1317 2388 96.
2367 2398 2372 2401 .

591 2421 746 2471 [1753]
799 2416 989 2459 'Hfflvmm
1017 2404 1390 2469 Mekstnbursseusis
1419 2419 1460 2456 et
1488 2415 1722 2468 Stargardiae
1753 2415 1900 2454 domini
1931 2414 2125 2467 diploma,
2170 2414 2219 2453 de
2256 2416 2547 2467 compositione

332 2493 456 2532 litium
487 2493 584 2532 inter
613 2506 701 2531 eum
731 2494 771 2530 et
798 2490 1116 2529 WVismarienses
1146 2488 1410 2533 versantium,
1454 2486 1601 2539 quihus
1630 2487 1749 2525 etiam
1779 2487 1908 2524 omnia
1937 2484 2144 2538 privilegia
2173 2485 2387 2523 confirmat.
2445 2485 2549 2525 Inter

334 2567 461 2602 testes
490 2564 710 2602 nominatur
739 2561 1080 2600 “Wonm-:mnos
1111 2558 1228 2597 Jutiae
1259 2560 1299 2596 et
1329 2556 1553 2608 Slesvvyck
1583 2556 1701 2594 dux’'.
1745 2578 1795 2584 —
1839 2555 1953 2594 Feria
1983 2553 2050 2592 IV.
2087 2558 2180 2606 post
2208 2554 2341 2593 Luciae
2371 2556 2547 2607 virginis.

727 2630 966 2671 Senekenberg
979 2628 1114 2661 Selecta
1127 2627 1225 2660 Juris
1241 2630 1273 2660 et
1287 2625 1509 2659 historiarum
1519 2628 1558 2658 T.
1572 2627 1615 2659 II.
1630 2637 1661 2669 p.
1672 2624 1843 2658 492-94.
1881 2624 2071 2657 Cfr.Suhm
2082 2624 2172 2656 nist.
2187 2625 2381 2656 asDanmk.
2394 2625 2547 2658 XI.670.

594 2693 749 2740 [1754]
808 2681 1013 2732 CAPrTqu
1055 2690 1261 2729 Rmfflvffls
1307 2689 1610 2740 transscripturi]
1653 2687 1850 2726 literarum
1895 2685 2110 2725 Clementis
2155 2684 2250 2735 (th)
2301 2699 2413 2738 papae
2453 2685 2548 2734 (dat.

336 2763 518 2801 Avinion.
555 2766 692 2814 quarto
733 2776 820 2800 non.
858 2760 1129 2814 Septembris,
1172 2758 1313 2812 pontif.
1351 2771 1454 2796 anno
1492 2762 1652 2810 quarto,
1694 2770 1734 2796 o:
1768 2756 1910 2804 1309),
1953 2756 2285 2795 confirmationem
2328 2755 2549 2807 generalem

337 2832 624 2883 privilegiorum
656 2831 804 2869 ordinis
834 2831 1115 2869 Cisterciensis
1144 2829 1442 2868 continentium.
1472 2850 1526 2856 -—-
1553 2828 1695 2880 Ripz‘s,
1724 2827 1814 2866 XV.
1845 2825 1996 2865 calend.
2025 2825 2211 2864 Januarii.

635 2901 817 2941 Langebck
843 2900 982 2943 Scriptt.
1008 2900 1105 2933 VIII.
1134 2898 1326 2932 199—200.

1369 2998 1514 3047 1312.

598 3095 752 3142 [1755]
808 3095 950 3135 Literae
991 3096 1211 3137 Bnlvnoms
1249 3095 1415 3143 erLAE,
1468 3094 1613 3148 quibus
1654 3097 1844 3139 testatur,
1889 3105 1934 3131 se
1977 3092 2183 3132 monachis
2227 3092 2275 3132 de
2317 3091 2427 3131 Loco
2471 3091 2545 3131 Dei

342 3163 567 3202 vendidisse
610 3168 773 3215 quatuor
809 3166 992 3217 antiquas
1025 3180 1181 3205 marcas
1217 3170 1326 3205 terrae
1365 3168 1404 3205 in
1432 3163 1629 3216 Logtwed
1653 3162 1790 3202 Marci<
1829 3163 1952 3208 sitas,
1994 3176 2070 3201 una
2109 3167 2245 3216 quarta
2281 3166 2392 3214 parte
2428 3163 2545 3200 unius

340 3234 504 3286 antiquae
534 3247 670 3273 marcac
700 3235 850 3279 minus,
895 3235 1135 3287 easdemque
1165 3239 1349 3275 scotasse
1380 3237 1416 3274 in
1446 3235 1592 3288 placito
1621 3232 1910 3285 Lugumherrit.
1945 3254 1993 3260 —
2039 3232 2080 3271 ln
2110 3234 2283 3272 crastino
2314 3231 2544 3284 epiphaniae.

727 3304 908 3345 Langebek
934 3304 1069 3347 Scriptt.
1095 3304 1190 3337 VIII.
1220 3304 1272 3337 17.

565 729 712 768 Adhaee
741 724 932 778 promittit
960 723 1057 760 intra
1087 719 1231 757 festum
1269 714 1491 766 proximum
1521 711 1731 750 Michaelis
1768 712 1905 750 literas
1943 711 2106 749 Witzlai
2150 713 2342 764 principis
2370 712 2543 751 Ruiano-
2605 706 2607 709 ⁵
2644 705 2647 729 ³
