2649 3686
145 316 263 356 12:39.

81 387 130 419 15.
150 384 309 428 Augusti.

79 599 134 631 23.
153 595 310 639 Augusti,

83 862 136 893 2¹3.
158 860 314 902 Augusti.

157 1709 270 1749 1240.

115 1796 169 1827 21.
195 1805 224 1825 v.
250 1794 304 1825 25.

128 1856 289 1888 Februar.

125 2123 176 2154 14.
201 2123 222 2153 J
227 2121 296 2153 ulii.

129 2183 202 2225 (vel
239 2182 290 2214 19.

153 2244 261 2287 Aug)

109 2454 140 2484 3.
170 2452 324 2493 Augusti.

93 2918 148 2949 26.
169 2915 327 2957 Augusti.

122 3109 172 3141 15.
199 3109 330 3151 septbr.

333 142 429 192 106
1009 134 1163 181 Koxc.
1196 131 1485 178 VALDEMAR
1526 140 1623 172 DEN
1659 121 1863 170 Axnssx.

331 214 1521 239 ——.-.-——-—-———-—-—-—

593 312 722 361 [792]
780 308 988 353 Johannis,
1016 304 1237 345 Stormariae
1265 299 1462 350 W⁷agariae
1492 300 1530 335 et
1554 295 1746 335 Hoizatiae
1775 293 1945 338 comitiS,
1976 291 2218 330 confirmatio
2241 291 2548 344 privilegiorum,

336 384 489 426 civibus
529 379 897 432 Hamburgensibus
942 391 962 415 a
1006 375 1037 414 F
1043 374 1212 413 rederico
1255 372 1485 421 imperatore
1528 366 1710 405 Romano
1753 362 1945 401 datorum.
2014 360 2119 400 Inter
2161 365 2291 400 testes
2333 362 2550 401 nominatur

336 459 480 495 “Am-21.
513 466 594 492 nux
625 450 805 490 Ju'r1.r:''.
835 470 882 475 —-
915 444 1046 484 lel.
1077 441 1225 482 calend.
1257 437 1477 490 Septembr.

729 519 887 552 Lambec.
913 515 1011 557 Orig.
1037 513 1155 546 Hamb.
1180 510 1274 544 Libr.
1299 509 1345 542 11.
1369 518 1401 549 p.
1428 504 1576 537 79—81.
1601 513 1655 546 ap.
1681 501 1867 534 Lindenbr.
1893 512 1925 544 p.
1950 500 2006 533 26.

599 581 725 630 [793]
785 579 1003 618 (3113001111
1042 570 1169 623 (lxni)
1214 572 1351 615 literae,
1395 566 1541 620 quibus
1578 563 1879 616 archiepiscopo
1916 562 2123 602 Lundensi
2159 563 2366 616 permittit,
2409 566 2453 601 ut
2489 562 2552 602 die

339 654 602 695 coronationis
632 651 744 702 regis*
767 648 918 686 Sveciae
948 645 1063 698 pallio
1094 643 1149 680 uti
1177 641 1320 693 possit.
1352 660 1401 666 —-
1433 635 1579 675 Pontis.
1609 647 1710 673 anno
1742 632 1857 672 XIII.
1888 633 1992 682 (sine
2022 633 2114 683 die).

725 718 815 760 Epit.
851 716 884 748 in
910 713 1082 758 Raynald.
1109 710 1243 744 Contin.
1269 712 1396 741 Baron.
1430 706 1472 738 ad
1509 715 1587 738 ann.
1627 703 1729 737 1239.
1763 704 1896 736 LXVI.
1928 705 2024 736 Tum.
2055 703 2103 736 11.
2128 713 2162 746 p.
2196 702 2276 736 230.

727 779 817 811 nist.
843 778 884 809 af
904 775 1050 808 Danmk.
1076 774 1138 807 IX.
1165 771 1244 803 698.

599 842 726 889 [794]
785 839 925 878 Literae
963 836 1176 874 Gnmonu
1215 828 1346 880 (ani)
1384 842 1496 881 papae
1533 827 1581 866 ad
1617 840 1750 878 regem
1780 826 2007 873 Danorum,
2049 829 2094 865 ut
2129 825 2299 865 abusum
2334 826 2464 872 tollat,
2508 825 2558 866 de

2337 702 2412 737 Cfr.
2445 703 2551 736 Suhm

335 929 417 968 quo
448 915 661 966 episcopus
692 907 995 948 Roschildensis
1033 903 1135 956 apud
1165 914 1307 954 papam
1345 902 1512 951 questus
1555 897 1701 943 fuerat,
1739 898 1916 936 11111ιί11111]
1946 901 2244 942 testamentum,
2289 896 2396 949 quod
2433 896 2553 936 “duo-

340 985 474 1023 decem
505 985 630 1020 testes
661 980 726 1032 qui
757 976 939 1015 nominati
970 972 1238 1026 appellantur''
1268 984 1342 1008 non
1374 969 1519 1007 sactum
1549 981 1642 1006 esse
1665 967 1924 1020 jurejurando
1951 967 2247 1014 affirmaverint,
2284 967 2432 1006 irritum
2461 966 2555 1013 fieri,

340 1068 417 1107 quo
454 1053 572 1091 multa
611 1049 733 1094 bona,
774 1060 859 1099 quae
897 1042 1116 1083 moribundi
1154 1042 1188 1079 in
1226 1041 1316 1093 pios
1359 1051 1464 1078 usus
1501 1038 1723 1090 legassent,
1761 1038 1886 1077 amitti
1916 1037 2020 1076 dicit.
2051 1059 2101 1066 -
2140 1037 2362 1090 Anoqm'oe‚
2401 1035 2454 1075 X.
2483 1036 2555 1077 cal.

339 1121 561 1176 Septembr.
590 1117 726 1172 pontif.
756 1129 856 1155 anno
886 1112 992 1152 XIII.

728 1185 862 1218 Gruber
887 1182 1019 1224 Origin.
1045 1179 1164 1214 Livon.
1190 1190 1223 1223 p.
1248 1179 1329 1212 221.

727 1249 821 1278 Tom.
846 1246 888 1278 ΙΙ.
914 1255 946 1286 p.
972 1243 1050 1276 230.

595 1309 722 1358 [795]
780 1308 879 1346 Acta
917 1304 1076 1358 capituli
1115 1302 1312 1355 generalis
1349 1301 1496 1341 ordinis
1534 1300 1862 1340 Praedicatorum:
1922 1300 1941 1352 ξ
1979 1300 2016 1339 2.
2059 1300 2324 1341 “Inchoamus
2362 1300 2437 1340 has
2465 1314 2553 1340 con-

336 1384 573 1422 stitutiones.
623 1379 857 1423 Statuimus,
882 1379 925 1414 ut
949 1377 1114 1426 quatuor
1143 1373 1371 1426 provinciae:
1402 1372 1581 1418 Polonia,
1607 1371 1767 1417 Dacus,
1798 1371 1929 1422 Syria,
1962 1371 2112 1410 Graecia
2129 1372 2218 1411 aliis
2235 1376 2324 1411 octo
2342 1372 2555 1424 provinciis

335 1467 404 1506 per
433 1452 559 1491 omnia
589 1449 860 1500 adaequentur,
904 1450 981 1484 tam
1017 1444 1053 1482 in
1086 1442 1244 1482 duobus
1275 1442 1512 1481 electoribus
1551 1444 1747 1493 magistri,
1792 1455 1908 1494 quam
1938 1442 1975 1479 in
2004 1445 2229 1494 potestate,
2265 1455 2382 1494 quam
2411 1441 2557 1481 habent
2620 1479 2624 1495 Ι

334 1524 487 1576 priores
515 1518 793 1574 provinciales,
823 1515 1010 1568 magistro
1042 1514 1189 1552 ordinis
1219 1518 1373 1552 mortuo
1405 1513 1466 1552 vel
1495 1514 1662 1552 amoto”.
1693 1534 1743 1540 —
1775 1512 1971 1552 Parisiis.
2067 1545 2076 1549 -

725 1590 881 1620 Martene
906 1590 938 1619 et
961 1585 1103 1618 Durand
1129 1584 1233 1616 Thes.
1259 1594 1339 1616 nov.
1365 1583 1520 1616 anecdot.
1545 1585 1641 1615 Tom.
1667 1583 1730 1617 IV.
1759 1582 1860 1615 1677.
1886 1582 1949 1615 cfr.
1978 1581 2078 1615 1240.
2105 1579 2129 1623 S
2154 1581 2188 1614 6.
2213 1581 2294 1615 ibid.
2322 1580 2423 1615 1679.

1372 1684 1516 1734 1240.

601 1786 719 1837 [790]
776 1783 935 1823 Witzlai
964 1783 1230 1836 Ruyanorum‘
1251 1783 1442 1835 principis
1473 1781 1663 1834 diploma,
1704 1795 1783 1834 quo
1822 1786 1958 1820 “novae
1996 1781 2145 1821 civitati
2176 1780 2428 1820 Stralsundi”
2465 1794 2556 1820 non-

340 1860 444 1899 nulla
471 1857 671 1911 privilegia
699 1856 843 1895 tribuit.
872 1875 925 1882 —-
953 1854 1114 1903 Perua,
1154 1852 1222 1892 Vl.
1261 1853 1412 1892 calend.
1442 1852 1595 1899 Martii,
1640 1855 1759 1904 “rege
1788 1852 2079 1892 WAanmno
2120 1856 2158 1891 et
2189 1866 2281 1904 rege
2309 1851 2445 1891 Emco
2474 1864 2555 1891 mo-

341 1929 538 1969 narchiam
567 1927 691 1966 Dacie
722 1923 1069 1978 gubernantibus'’.

728 1998 862 2037 Dreger
887 1995 970 2028 Cod.
997 1993 1079 2037 dipl.
1105 1995 1284 2027 Pomeran.
1299 2005 1330 2037 p.
1347 1993 1496 2026 203—4.
1545 1993 1720 2026 Schwartz
1745 1993 1951 2026 Geschichte
1976 1994 2035 2026 der
2059 1994 2189 2026 Pomm.
2215 1993 2415 2043 Rugischen
2438 1992 2559 2028 Stadte

729 2069 760 2101 p.
787 2057 935 2089 42-43.

600 2119 726 2168 [797.]
783 2118 1059 2158 WALDEMAM
1103 2119 1209 2169 regis
1253 2118 1302 2157 ad
1346 2116 1498 2156 incolas
1527 2116 1783 2156 Estoniensis
1819 2120 1858 2155 et
1885 2117 2154 2156 XVironiensis
2192 2120 2302 2155 terrae
2345 2117 2467 2157 literae
2510 2117 2560 2157 de
2628 2167 2630 2170 ι

340 2194 502 2233 decimis
529 2193 762 2232 decimarum
794 2190 984 2241 episcopo
1014 2188 1243 2227 Revaliensi
1274 2187 1491 2227 solvendis.
1523 2210 1573 2215 —
1613 2186 1951 2239 U'ortz'ncltbory,
1980 2187 2094 2226 XIX.
2125 2186 2276 2226 calend.
2306 2187 2494 2239 Augusti.
2622 2216 2630 2247 ¹:

729 2259 897 2291 Hvitseldt
921 2259 1090 2291 Danmks.
1117 2258 1226 2299 Rigcs
1249 2259 1357 2289 Kron.
1383 2268 1414 2300 p.
1440 2257 1636 2289 207—208.
1684 2259 1826 2290 Pontan.
1852 2259 1953 2289 Rerr.
1979 2258 2088 2289 Danu.
2115 2256 2206 2290 Hist.
2230 2257 2324 2289 Libr.
2346 2258 2410 2290 VI.
2433 2268 2465 2300 p.
2478 2256 2559 2290 322.
2622 2252 2625 2272 ³

731 2321 966 2363 Pontoppidan
992 2320 1131 2352 Annali.
1158 2319 1279 2352 eccles.
1307 2321 1394 2351 Dan.
1421 2319 1445 2351 Ι.
1472 2318 1645 2351 652—53.
1696 2319 1884 2352 Thorkelin
1908 2319 2132 2362 Diplomatar.
2157 2320 2401 2360 Arna-Magn.
2426 2320 2455 2353 1.
2484 2319 2560 2352 131.
2628 2332 2630 2338 ·

731 2384 806 2416 Cfr.
832 2382 936 2415 Sulnn
962 2382 1053 2415 Hist.
1080 2382 1121 2414 as
1145 2382 1291 2413 Danmk.
1323 2382 1384 2413 IX.
1410 2381 1488 2413 703.

610 2444 736 2492 [798]
794 2445 928 2489 Amen,
961 2444 1039 2482 dux
1068 2443 1203 2488 Jutiae,
1235 2442 1390 2481 villicos
1420 2446 1460 2480 et
1488 2442 1653 2481 colonos
1680 2443 1857 2495 episcopi
1887 2442 2079 2495 Ripensis
2110 2441 2288 2480 ecclesiae
2318 2443 2354 2480 in
2387 2441 2561 2490 Tunder,

344 2516 463 2555 Daler
500 2519 537 2553 et
574 2514 770 2565 Balghum
798 2513 942 2552 liberos
973 2512 1021 2552 ab
1052 2513 1155 2551 omni
1187 2513 1389 2551 exactione
1420 2516 1458 2551 et
1487 2513 1668 2558 servitio,
1712 2516 1853 2565 praeter
1891 2511 2198 2564 expeditionem,
2245 2511 2491 2562 Quaersaethe
2520 2517 2561 2553 et

343 2585 457 2630 Stud,
487 2586 521 2623 in
551 2588 782 2637 perpetuum
812 2584 992 2622 declarat.
1021 2605 1074 2611 —
1103 2583 1237 2635 Rt‘pz’s,
1268 2596 1368 2620 311110
1394 2582 1441 2621 ab
1466 2583 1733 2622 incarnatione
1751 2582 1895 2621 domini
1917 2581 1972 2620 M.
1999 2580 2078 2621 CC.
2105 2581 2409 2634 quadragesimo
2432 2583 2560 2623 tertio.

345 2654 480 2693 Nonas
509 2654 681 2706 Augusti
712 2654 807 2704 (leq.
836 2652 891 2691 M.
925 2653 1004 2692 CC.
1038 2652 1360 2705 quadragesimo,
1390 2654 1506 2691 tertio
1537 2666 1663 2691 nonas
1696 2653 1898 2704 Augusti).

736 2723 942 2765 Mirlicisen,
975 2722 1300 2755 Urkundensamml.
1334 2723 1361 2754 1.
1388 2723 1444 2754 47.
1470 2722 1524 2755 ubi
1552 2723 1602 2755 hae
1629 2722 1737 2755 literae
1763 2721 1806 2753 ad
1838 2732 1913 2753 ann.
1949 2719 2039 2753 1243
2071 2721 2277 2754 referuntur.
2339 2724 2450 2762 Quum
2482 2734 2561 2757 vero

738 2794 796 2815 035
821 2784 1067 2817 waldemarus
1090 2784 1135 2817 ΙΙ.
1163 2794 1222 2816 rex
1243 2785 1318 2824 jam
1351 2784 1405 2817 die
1432 2784 1485 2817 12.
1509 2783 1631 2817 Martii
1656 2794 1711 2816 an.
1729 2774 1831 2815 '1241
1866 2781 2139 2826 confirmaverit,
2177 2787 2214 2815 ut
2239 2786 2315 2816 ante
2340 2785 2403 2818 hoc
2427 2789 2561 2830 tempus

739 2844 834 2876 editae
860 2844 949 2886 sint,
975 2855 1115 2877 necesse
1141 2849 1203 2878 est.

612 2904 739 2952 [799]
798 2906 974 2950 Annius,
1007 2905 1119 2945 ducis
1149 2907 1282 2953 Jutiae,
1313 2906 1452 2954 literae,
1483 2905 1628 2960 quibus
1658 2904 1876 2943 monachos
1906 2898 1954 2943 de
1985 2903 2094 2944 Loco
2123 2904 2201 2944 Dei
2232 2909 2270 2945 et
2301 2908 2427 2947 omnia
2456 2907 2560 2948 hona
2622 2933 2625 2939 ·

353 2986 484 3012 eorum
513 2971 588 3012 sub
618 2986 690 3011 5113
719 2974 962 3024 protectione
992 2978 1031 3012 et
1059 2976 1178 3014 tutela
1210 2978 1389 3030 suscipit.
1423 2999 1471 3005 —
1503 2976 1630 3028 Apud
1655 2974 1904 3026 Flensborq,
1935 2976 2104 3026 septimo
2134 2975 2205 3014 cal.
2237 2976 2497 3028 Septembris.

743 3042 927 3082 Langebck
952 3043 1090 3086 scriptt.
1114 3046 1208 3078 vul.
1238 3047 1406 3079 lsi—82.
1456 3047 1529 3079 Cfr.
1555 3045 1661 3078 Suhm
1687 3044 1776 3076 nist.
1804 3044 1845 3076 af
1866 3044 2015 3077 Danmk.
2041 3045 2103 3077 IX.
2130 3045 2210 3077 707.
2236 3047 2313 3081 ⁷74,

617 3101 743 3149 [800]
800 3102 1072 3143 Wmmssmm
1103 3108 1207 3157 regis
1238 3108 1431 3160 diploma,
1475 3105 1679 3146 Thorkillo
1709 3105 1887 3144 0001051111ἱ
1917 3105 2171 3145 Revaliensis
2200 3108 2385 3159 praefecto
2416 3108 2561 3156 datum,

356 3171 404 3211 de
434 3171 630 3211 dotatione
660 3170 839 3224 ejusdem
871 3173 1064 3219 ecclesiae,
1094 3189 1218 3227 nuper
1248 3191 1268 3216 a
1296 3192 1387 3230 rege
1416 3179 1617 3216 institutae.
1646 3198 1699 3203 —
1724 3173 1958 3227 Eresborq,
1987 3174 2119 3216 XVII.
2150 3177 2301 3216 calend.
2333 3177 2497 3218 Octobr.

745 3241 911 3273 Hvitfeldt
932 3244 1052 3275 Danm.
1066 3244 1172 3285 Rigcs
1187 3247 1292 3279 Kron.
1314 3259 1344 3290 p.
1359 3246 1554 3280 206-207.
1603 3243 1746 3277 Pontani
1764 3246 1864 3276 Berr.
1888 3246 1997 3276 Dann.
2016 3244 2184 3278 Historia.
2198 3246 2292 3280 Libr.
2315 3249 2378 3282 Vl.
2396 3259 2428 3291 p.
2444 3248 2560 3281 321-

739 3301 817 3334 322.
864 3304 1092 3348 Pontoppidan
1107 3307 1243 3341 Annall.
1266 3309 1348 3343 eccl.
1370 3310 1459 3342 Dan.
1483 3308 1509 3341 1.
1533 3306 1708 3341 651—52.
1763 3305 1951 3339 'rhorkelin
1972 3306 2062 3350 Dipl.
2085 3309 2323 3351 Arna-Magn.
2337 3310 2366 3344 1.
2391 3310 2559 3345 131—32.

1389 1178 1480 1222 Epit.
1505 1188 1558 1222 ap.
1583 1177 1755 1221 Raynald.
1781 1177 1921 1212 Contin.
1943 1180 2069 1211 Bai-on.
2104 1178 2148 1210 ad
2173 1188 2251 1210 ann.
2280 1176 2380 1210 1239.
2403 1177 2555 1211 LXVII.
2609 1148 2630 1187 ’ἱ
