2649 3686
376 141 473 190 120
1022 134 1175 182 Koxe
1210 129 1551 180 Cnmsropnnss
1586 141 1682 172 DEx
1716 123 1928 171 Ftisssrn.
2162 173 2166 175 λ

185 314 302 354 1252.
631 310 758 360 [927]
814 308 956 348 Literae
986 305 1322 346 Cnmsropnom,
1373 298 1573 337 Danorum
1611 295 1738 346 regis,
1783 293 1928 353 quibus
1968 291 2171 331 canonicis
2199 291 2449 344 Ripensibus
2487 307 2575 332 con-

134 385 167 417 9-
193 383 350 426 Augusti.
378 384 502 422 firmat
530 382 765 427 libert-item,
803 383 846 417 ut
874 377 991 416 villici
1022 388 1154 413 eorum
1184 371 1231 410 ab
1259 367 1523 421 expeditionis
1549 364 1773 417 gravamine
1803 366 1843 401 et
1873 363 1977 401 omni
2003 363 2108 415 juris
2138 363 2235 414 regii
2265 362 2471 402 exactione
2507 364 2576 402 im-

371 465 510 491 munes
539 453 803 503 permaneant.
834 470 882 476 —-
914 447 1053 498 Re'pe's,
1082 443 1131 480 V.
1162 441 1251 480 idus
1284 437 1467 488 Augusti.

765 516 949 557 Langebek
964 514 1100 557 scriptt.
1114 512 1193 545 Vll.
1207 510 1285 542 330.
1334 508 1506 548 Terpager
1518 502 1613 545 Ripae
1629 501 1754 535 Cimbr.
1769 512 1800 544 p.
1818 501 1896 534 179.
1945 501 2021 534 Cfr.
2033 501 2139 533 Suhm
2152 500 2241 533 nist.
2257 501 2431 535 afDnmk.
2444 502 2490 535 X.
2500 502 2578 537 219

120 585 171 617 Η.
195 584 352 627 Augusti.
637 579 763 628 [928]
821 578 984 623 Litere,
1028 574 1170 627 quibus
1205 572 1359 611 Avv'rm
1395 567 1669 606 Pmnmzsow
1711 563 1760 601 de
1790 554 1945 616 Olskiip
1982 566 2116 601 notum
2157 562 2340 602 omnibus
2376 564 2491 611 facit,
2533 578 2579 605 se

377 651 577 690 canonicis
614 649 841 688 monasterii
879 660 912 685 s.
950 644 1152 683 wilhelmi
1190 643 1227 680 in
1255 636 1469 678 Ebbleholt
1497 635 1628 674 onmia
1658 646 1732 673 sua
1760 632 1863 672 bona
1899 634 1939 672 in
1969 624 2152 686 Olskopp
2183 634 2262 672 sita
2290 634 2576 686 assignavisse.

378 720 613 768 Ebbleholt,
643 720 707 770 vig
693 719 748 756 il.
778 719 971 766 assumpt.
999 714 1038 752 b.
1068 713 1201 751 Mariae
1230 708 1406 759 virginis.

762 785 945 827 Langebek
969 783 1104 825 Scriptt.
1131 782 1192 813 VI.
1220 778 1295 810 159.

144 852 194 884 ιῦ.
220 852 350 895 Septbr.
634 848 760 897 [929]
816 846 976 891 Literrc,
1008 843 1152 896 quibus
1183 840 1544 878 CHRIST01·HORUS
1574 849 1642 874 rex
1670 835 1799 873 omnia
1829 833 1935 873 bona
1975 835 2251 873 canonicorum
2287 834 2336 873 de
2364 833 2579 887 Eppelholt
2624 833 2648 894 ἰ

377 920 426 959 ab
468 918 729 970 expeditionis
771 916 1012 968 gravamine,
1056 911 1299 964 impetitione
1342 906 1564 953 exactoria,
1607 906 1792 958 omnique
1836 918 1953 944 onere
1996 906 2106 956 regio
2143 901 2267 944 libera
2311 904 2485 944 dimittit.
2528 925 2577 932 —

378 987 704 1040 Ilcelsinqburqle,
731 984 838 1025 XVI.
868 983 1017 1023 calend.
1047 980 1208 1020 Octobr.

762 1054 947 1095 Langebek
972 1051 1108 1094 Scriptt.
1134 1050 1197 1082 vt.
1227 1048 1302 1080 160.

136 1118 189 1149 25.
216 1117 346 1159 septbr.
632 1115 757 1164 [930]
816 1114 1126 1154 Cuniswopnom
1156 1111 1262 1162 regis
1291 1108 1412 1147 literae
1441 1107 1709 1160 protectoriae‚
1739 1106 1840 1146 datae
1868 1107 2111 1147 monasterio
2139 1105 2391 1147 Esromensi.
2421 1129 2470 1135 —-
2500 1107 2579 1148 Es-

373 1201 480 1235 rom,
510 1185 594 1224 Vll.
625 1185 772 1224 calend.
797 1183 957 1223 Octobr.

756 1253 937 1286 Tliorkelin
961 1252 1051 1294 Dipl.
1077 1251 1312 1291 Arna-Magn.
1337 1250 1364 1282 I.
1390 1259 1422 1292 p.
1450 1247 1526 1281 190.
1573 1247 1761 1289 Langebek
1782 1246 1923 1290 Scriptt.
1947 1247 2012 1281 IX.
2074 1269 2085 1280 .
2126 1248 2209 1280 Cod.
2233 1248 2370 1281 Esrom.
2396 1249 2456 1283 fol.
2480 1251 2578 1289 va.

138 1321 190 1351 25.
217 1318 344 1361 septbr.
629 1314 754 1363 [931]
814 1315 1168 1353 Camsvopuonus
1198 1327 1266 1351 rex
1298 1324 1437 1350 omnes
1465 1311 1753 1362 possessiones
1783 1313 1824 1348 et
1860 1309 2024 1348 colonos
2060 1311 2292 1349 monasterii
2320 1310 2580 1351 Esromensis

371 1386 419 1425 ab
448 1386 642 1424 universis
673 1386 846 1423 servitiis
876 1388 916 1423 et
945 1382 1232 1428 exactionibus,
1262 1382 1377 1433 regiae
1403 1379 1676 1434 jurisdictioni
1706 1379 1868 1426 debitis,
1898 1379 2039 1418 liberat
2065 1383 2105 1418 et
2129 1379 2385 1419 absolvit.—
2409 1380 2579 1428 Esrom,

370 1455 456 1494 Vll.
488 1455 636 1494 calend.
667 1454 803 1494 Octbr.

759 1524 944 1557 Thorkelin
969 1523 1061 1566 Dipl.
1086 1524 1324 1564 Arna-Magn.
1349 1523 1375 1554 I.
1402 1531 1434 1564 p.
1464 1520 1540 1553 191.
1587 1520 1776 1561 Langebek
1802 1519 1941 1563 Scriptt.
1966 1520 2030 1553 lx.
2103 1544 2112 1553 .
2147 1521 2230 1553 Cod.
2256 1521 2392 1554 Esrorn.
2416 1520 2476 1554 fol.
2502 1523 2579 1554 LV.

117 1583 169 1615 28.
188 1582 280 1625 Sept.
294 1580 353 1626 (3³)
637 1586 763 1635 [9322]
820 1586 937 1638 Kong
964 1585 1097 1625 Enrxs
1128 1585 1232 1632 (laes:
1272 1583 1619 1632 Cnms'rorflnns)
1648 1582 1772 1630 Brev,
1802 1581 1977 1621 hvorved
1997 1581 2076 1630 han¹
2097 1583 2185 1635 gjtir
2210 1582 2418 1634 vitterligt:
2456 1582 2581 1623 “dass

370 1657 441 1694 wir
468 1655 566 1694 allen
595 1670 738 1695 unsern
768 1656 1026 1695 besitzlichen
1056 1656 1211 1694 Leuten
1243 1656 1280 1693 in
1307 1654 1434 1693 Reval
1462 1652 1542 1691 und
1570 1652 1822 1704 Wesenberg
1849 1653 1922 1691 mit
1945 1652 2183 1691 weltlichem
2200 1651 2357 1691 Rechte
2388 1652 2580 1701 (welches
2644 1657 2647 1701 ξ

371 1727 408 1763 in
438 1727 633 1777 gemeiner
661 1726 834 1779 Sprache
864 1730 1033 1778 genannt
1061 1726 1157 1764 wird
1187 1726 1248 1764 ein
1278 1722 1520 1774 Landrecht)
1552 1721 1635 1761 ihre
1665 1722 1791 1762 Giiter
1820 1723 1857 1761 in
1886 1722 2062 1762 Freiheit
2090 1737 2139 1761 zu
2168 1722 2349 1761 besitzen
2375 1723 2579 1762 verlassen

372 1795 538 1835 haben'⁷.
566 1819 618 1824 —
646 1796 730 1835 Des
760 1796 902 1835 andern
934 1795 1063 1848 Tages
1092 1810 1160 1834 vor
1190 1794 1279 1833 dem
1309 1793 1484 1833 October
1513 1792 1586 1832 des
1614 1793 1840 1845 Montages.
2080 1791 2237 1844 (Tydsk
2265 1792 2579 1840 Oversaettelse).

761 1866 919 1898 Gelelirte
945 1868 1112 1909 Beytr'age
1143 1875 1185 1897 zu
1218 1865 1279 1897 den
1305 1863 1493 1906 Rigischen
1516 1863 1704 1905 Anzeigen.
1738 1863 1834 1896 1765.
1861 1863 1893 1896 2.
1920 1863 2047 1906 Stfick,
2081 1873 2114 1906 p.
2143 1862 2195 1895 10.
2257 1863 2330 1897 Cfr.
2356 1862 2461 1895 sulun
2489 1862 2579 1896 nist.

758 1929 797 1960 af
817 1928 963 1960 Danmk.
988 1928 1034 1960 X.
1061 1927 1140 1959 220.
1994 1936 2006 1938 ··

154 1990 177 2021 ²-
204 1989 337 2022 Octobr.
630 1988 755 2038 [033]
812 1989 970 2028 EsGEm
1001 1989 1181 2042 episcopi
1210 1988 1407 2040 Ripensis
1436 1987 1576 2034 literae,
1621 1986 1766 2040 quibus
1804 1990 1994 2033 testatur,
2038 1986 2239 2026 dominum
2267 1985 2476 2038 Aghonem
2504 1985 2582 2026 Es·

369 2057 573 2104 bernssen,
603 2063 767 2097 tutorem
792 2058 985 2097 llaeredum
1008 2058 1186 2097 Arnl'asti
1206 2057 1360 2104 Wollae‚
1387 2056 1622 2096 “monachis
1637 2056 1737 2096 Loci
1759 2057 1834 2097 Dei
1857 2057 1961 2096 bona
1984 2057 2062 2104 illa,
2092 2070 2179 2109 quae
2202 2058 2263 2095 eis
2288 2056 2337 2095 ob
2361 2057 2578 2096 remedium

371 2130 506 2167 animae
536 2143 615 2168 suae
647 2129 748 2168 idem
778 2129 993 2167 Arnfastus
1022 2131 1263 2175 scotaverat,
1314 2131 1409 2180 post
1439 2126 1527 2167 dies
1567 2141 1666 2167 suos
1690 2129 1780 2181 jure
1809 2130 2001 2181 perpetuo
2037 2126 2307 2180 possidenda”
2337 2129 2579 2167 scotavisse.

369 2219 419 2226 —
450 2198 588 2251 Iiipis,
620 2198 704 2237 llll.
735 2213 857 2237 nonas
888 2199 1090 2237 Octobris.

759 2269 941 2310 Langehek
968 2267 1117 2311 Scriptt.
1133 2267 1232 2301 VIII.
1257 2267 1337 2300 221.

146 2331 177 2361 5.
203 2331 335 2363 Octobr.
630 2330 755 2380 [934]
814 2331 1134 2370 Cnmsropnom
1168 2331 1284 2381 regis
1327 2330 1468 2376 literae,
1511 2328 1657 2382 quibus
1700 2328 1804 2368 bona
1845 2329 2075 2373 monasterii
2115 2327 2306 2367 Sorensis
2348 2328 2490 2368 liberat
2527 2311 2598 2369 ab'
2643 2310 2645 2377 Ξ

371 2400 473 2437 omni
502 2402 735 2450 gravamine.
767 2423 814 2428 —
856 2400 1173 2453 Uforingsborqlz,
1204 2399 1269 2438 Ill.
1299 2414 1389 2439 non.
1421 2399 1584 2439 Octobr.
2642 2391 2645 2402 ⁴

759 2471 945 2503 Tllorkelin
970 2471 1195 2513 Diplomatar.
1219 2472 1456 2512 Arna-Magn.
1482 2472 1508 2503 1.
1535 2481 1566 2513 p.
1596 2469 1672 2503 192.

140 2537 194 2566 25.
232 2536 350 2568 Nox-br.
633 2531 758 2580 [935]
816 2532 986 2579 Literae,
1016 2533 1160 2585 quibus
1187 2532 1401 2571 Nicomus
1432 2531 1687 2570 Hnnwssr-:rv
1725 2531 1928 2570 canonicis
1956 2530 2187 2569 monasterii
2222 2528 2438 2570 Ebbleholt
2473 2530 2577 2570 bona

375 2611 444 2636 sua
473 2600 510 2637 in
538 2599 782 2653 Hawgeliisze
813 2603 889 2640 sita
919 2604 1110 2654 assignat.
1141 2624 1191 2630 —
1223 2602 1517 2655 Slngslaetorp,
1548 2601 1612 2642 die
1641 2601 1679 2641 h.
1707 2601 1905 2641 Katerinae
1932 2601 2109 2653 virginis.

763 2672 945 2713 Langebek
970 2672 1106 2715 Scriptt.
1131 2674 1192 2705 VI.
1222 2673 1296 2705 160.

144 2737 196 2767 21.
235 2737 351 2770 nccbr.
632 2743 757 2791 [936]
816 2745 1137 2784 Carum-ommni
1170 2745 1373 2785 Danorum
1405 2745 1519 2797 ‘regis
1562 2744 1755 2797 diploma,
1799 2756 1875 2796 quo
1916 2742 2115 2795 “leprosis
2153 2742 2189 2780 in
2228 2741 2414 2794 hospitali
2450 2743 2577 2784 Awos

377 2810 633 2849 existentibus
664 2826 799 2851 omnes
828 2815 977 2854 villicos
1007 2829 1104 2854 suos
1135 2819 1174 2853 et
1202 2816 1367 2854 colonos
1398 2829 1486 2854 cum
1518 2814 1729 2854 Garszaetae
1760 2817 1798 2853 et
1837 2812 1940 2852 omni
1977 2812 2122 2850 familia
2160 2813 2320 2851 eorum”
2359 2812 2577 2854 libertatem

377 2877 424 2915 al»
455 2880 581 2916 “omni
598 2881 855 2931 expeditionis
884 2885 1115 2933 gravamine,
1146 2885 1390 2937 impetitione
1419 2885 1631 2930 exactoria,
1661 2883 1766 2929 stud,
1787 2884 1906 2936 jnnae,
1936 2886 2146 2934 ceteroque
2171 2895 2289 2922 onere
2314 2887 2354 2922 et
2380 2883 2577 2923 solutione
2640 2912 2643 2919 .

378 2946 426 2983 ad
451 2947 519 2996 jus
551 2949 692 2998 regium
722 2952 968 3002 spectante’',
998 2954 1188 2992 concedit.
1217 2977 1271 2982 —
1299 2955 1474 3003 Lnndz's,
1505 2954 1575 2994 IX.
1605 2953 1757 2992 calend.
1786 2952 1945 2991 Januar.

763 3019 939 3060 Liljcgrcn
965 3021 1186 3063 Diplomatar.
1212 3022 1355 3057 Svecan.
1381 3025 1408 3057 Ι.
1434 3035 1489 3058 n0.
1517 3024 1595 3057 401.
1620 3034 1654 3066 p.
1678 3021 1850 3055 359-60.

144 3090 199 3123 ²9·
238 3091 355 3125 Dccl’f·
637 3089 764 3137 [937]
822 3091 1143 3133 (lunis'rovi-ionl
1172 3095 1371 3136 Danorum
1402 3098 1506 3148 regis
1535 3096 1718 3149 diploma,
1748 3109 1824 3148 quo
1854 3094 2030 3133 canonici
2053 3094 2293 3135 Lundenses
2318 3110 2407 3135 cum
2436 3096 2576 3136 villicis
2638 3115 2641 3152 j

378 3170 509 3195 eorum
540 3161 579 3195 et
603 3159 751 3197 colonis
781 3160 828 3198 al)
859 3164 958 3200 omni
986 3163 1244 3214 expeditionis
1282 3167 1522 3217 gravamine,
1566 3164 1822 3216 vectigalibus
1861 3165 2083 3217 ceterisque
2127 3164 2309 3206 omnibus
2347 3166 2428 3220 juri
2470 3167 2576 3219 regio

381 3226 652 3273 attinentibus,
682 3227 789 3267 liberi
819 3231 854 3267 in
884 3236 1110 3283 perpetuum
1141 3237 1421 3274 renuntiantur.
1452 3258 1501 3264 —
1532 3235 1714 3282 Lumle‘s,
1744 3234 1811 3272 lV.
1842 3234 1992 3273 calend.
2022 3234 2180 3273 Januar.

766 3298 937 3343 Lilchren
954 3302 1041 3345 Dipl.
1061 3303 1158 3337 Svec.
1175 3303 1202 3337 1.
1219 3314 1273 3337 no.
1287 3305 1364 3338 102.
1387 3305 1511 3350 p.360.
1548 3306 1633 3338 Dan.
1648 3304 1786 3347 interpr.
1802 3315 1853 3347 ap.
1869 3303 2049 3347 nvitfeldt,
2073 3306 2192 3339 Danrn.
2208 3305 2317 3350 Riges
2331 3306 2436 3339 Kriin.
2451 3316 2481 3349 p.
2497 3305 2574 3338 235.
