2649 3686
138 346 255 386 1203.

135 2318 247 2356 1203.

111 2387 161 2417 vel
189 2390 273 2418 ante.

144 2696 154 2731 1
162 2695 252 2733 ’2.0-1.

95 2792 125 2819 23.
159 2791 296 2820 Jnnuar.

96 3125 145 3158 lo.
174 3124 300 3158 Martii.

325 173 389 221 76
993 164 1146 212 Kosa
1179 158 1467 208 VALDEMAR
1501 169 1599 201 DEN
1632 150 1835 220 ANnEx.

323 237 2524 268 Ἁμ-

582 342 711 390 [526.]
768 339 908 379 Literae
936 332 1206 375 VVALnumam‘
1235 329 1360 381 regis,
1404 324 1550 379 quibus
1586 323 1878 376 possessiones
1915 327 1955 360 et
1991 320 2193 373 privilegia
2230 321 2458 360 monasterii
2486 320 2522 360 b.

326 413 431 454 Petri
460 410 757 452 Nosti-ediensis
787 407 996 446 confirmat.
1025 426 1079 433 ——
1106 399 1369 453 Rinqstadis,
1399 395 1504 444 (sine
1533 394 1664 442 anno).

713 477 801 520 Epit.
829 476 862 508 in
887 472 1081 507 Thorkelini
1105 471 1325 514 Diplomatar.
1350 465 1588 504 Arna-Magn.
1616 462 1640 497 1.
1667 473 1697 505 p.
1719 461 1774 496 84.
1796 461 1838 493 ad
1858 471 1913 495 an.
1940 459 2038 494 1205.
2062 459 2141 492 etin
2154 459 2367 502 Langebekii
2387 460 2523 503 Scriptt.

712 539 774 573 lv.
798 536 966 570 337—38.
1017 534 1089 568 Cfr.
1116 532 1221 566 Suhm
1246 528 1334 562 nist.
1359 527 1399 558 af
1417 524 1566 558 Danmk.
1593 523 1654 557 lx.
1680 534 1711 566 p,
1737 522 1839 558 8-9,
1865 523 1922 556 82,

586 602 711 650 [527]
769 598 1033 637 WAMJFJMAM
1077 594 1181 645 regis
1230 592 1347 630 literae
1365 618 1375 634 ,
1425 586 1569 639 quibus
1620 598 1756 623 omnes
1802 583 2091 636 possessiones
2135 584 2362 622 monasterii
2403 582 2525 622 Esro-

326 675 472 715 mensis
501 674 536 711 in
567 669 769 710 Hallandia
799 678 1012 717 omnesque
1042 663 1202 702 colonos
1232 674 1254 700 a
1283 657 1452 698 servitiis
1482 661 1520 694 et
1549 653 1819 694 exactionibus
1846 652 2029 693 absolvit.
2061 675 2110 680 -
2143 654 2238 692 Sine
2267 667 2382 693 anno.

712 735 898 770 Thorkelin
923 734 1146 777 Diplomatar.
1170 731 1406 769 Arna-Magn.
1437 725 1464 757 l.
1490 736 1521 768 p.
1547 725 1604 756 80.
1663 723 1842 765 LiIJegren
1867 723 2095 766 Diplomatar.
2121 725 2266 756 Sveean.
2299 723 2326 756 l.
2358 733 2414 756 no.
2450 723 2524 756 120.
2581 757 2586 760 ,
2621 739 2623 761 ⁴,

712 810 742 842 p.
771 798 844 829 148.
899 795 1084 837 Langebek
1117 791 1256 834 Scriptt.
1287 789 1346 822 lX.
1395 812 1404 820 .
1441 786 1524 820 Cod.
1556 786 1693 818 Esrom.
1724 784 1786 818 fol.
1820 784 2046 818 CLXXVlll.
2106 785 2180 818 Cfr.
2219 785 2326 817 Suhm
2360 785 2452 818 nist.
2490 787 2530 818 at*

710 859 856 892 Danmk.
881 857 939 890 lX.
965 857 997 888 8.

580 921 707 970 [528]
764 920 1032 958 WAanmm
1063 914 1166 966 regis
1197 913 1336 957 literae,
1368 909 1513 963 quibus
1543 909 1744 948 confirmat
1764 907 1965 960 privilegia
1990 907 2195 947 monachis
2221 907 2526 948 Othiniensihus

326 1000 437 1035 antea
474 994 583 1037 data,
619 992 756 1042 eisque
786 989 946 1039 insuper
979 984 1127 1023 confert
1156 995 1318 1021 censum
1347 980 1563 1019 aestivalem
1600 979 1649 1018 de
1687 977 1870 1018 Othense
1909 981 1948 1017 et
1982 977 2024 1017 X
2061 977 2246 1017 marchas
2288 979 2438 1037 argenti
2477 977 2526 1016 de

325 1065 450 1104 insula
479 1060 614 1102 Siland
645 1057 850 1112 quotannis
879 1053 1134 1107 praestandas.
1166 1074 1214 1081 —
1245 1051 1339 1090 Sine
1368 1063 1484 1089 anno.

708 1124 893 1159 'l'horkelin
916 1123 1138 1166 Diplomatar.
1162 1122 1401 1162 Arna-Magn.
1428 1119 1454 1152 l.
1479 1130 1515 1163 p.
1539 1119 1620 1152 286.
1667 1118 1941 1160 cri-‚Langebek
1966 1117 2105 1162 Scriptt.
2131 1118 2154 1151 1.
2180 1118 2259 1152 281.
2308 1118 2415 1154 Suhm
2434 1118 2526 1152 Hist.

706 1189 746 1220 af
765 1187 912 1220 Danmk.
937 1186 1000 1217 lx.
1024 1196 1057 1228 p.
1081 1183 1114 1216 9.
1140 1184 1184 1216 X.
1210 1183 1242 1215 4.
1267 1181 1440 1214 961—62.
1466 1181 1521 1214 ubi
1546 1181 1598 1214 hae
1622 1180 1729 1213 literae
1755 1181 1797 1213 ad
1821 1191 1898 1213 ann.
1926 1180 2026 1213 1241.
2052 1182 2257 1214 referuntur.

578 1251 705 1299 [529]
762 1247 1027 1287 WALnEmm
1057 1245 1259 1284 Danorum
1289 1243 1577 1295 Slavorumque
1606 1244 1726 1294 regis,
1757 1242 1869 1281 ducis
1896 1243 2026 1289 Jutiae,
2057 1243 2201 1282 domini
2232 1241 2525 1293 Nordalbingiae
2560 1268 2565 1271 ν
2618 1289 2620 1300 7

323 1326 508 1377 diploma,
538 1335 614 1374 quo
644 1318 849 1358 eeclesiam
879 1316 927 1355 de
956 1314 1200 1362 Viteschola,
1231 1318 1375 1366 “quam
1404 1313 1588 1365 primaria
1617 1313 1857 1365 plantatione
1886 1317 1996 1365 pater
2025 1327 2140 1352 meus
2170 1317 2208 1353 et
2237 1313 2356 1353 frater
2384 1316 2423 1352 et
2449 1325 2525 1351 nos

320 1398 354 1433 in
386 1394 489 1433 avito
518 1390 746 1444 patrimonio
775 1390 910 1426 nostro
940 1385 1209 1431 fundavimus,
1249 1384 1472 1423 dotavimus
1502 1387 1541 1423 et
1569 1383 1826 1429 ditavimus”,
1865 1397 1953 1422 cum
1983 1383 2165 1423 omnihus
2194 1383 2408 1422 attinentiis
2437 1383 2525 1422 suis

320 1465 394 1503 snb
422 1463 568 1514 regium
597 1457 920 1498 “manutentionis
949 1455 1251 1508 patrimonium”
1280 1454 1468 1501 assumit,
1512 1453 1735 1492 concedens
1765 1454 1799 1492 ei
1831 1452 2081 1493 “absolutam
2110 1453 2328 1493 libertatem
2364 1457 2403 1494 et
2431 1453 2525 1492 nulli

321 1533 430 1583 regiae
454 1528 714 1582 jurisdictioni
744 1526 987 1566 obnoxiam”.
1020 1548 1069 1553 —
1101 1525 1195 1564 Sine
1225 1539 1339 1563 anno.

702 1597 927 1640 Pontoppidan
951 1595 1075 1629 Annal.
1101 1596 1184 1628 eccl.
1208 1597 1296 1628 Dan.
1322 1595 1349 1627 Ι.
1373 1594 1454 1626 385.
1511 1595 1597 1627 Diin.
1622 1592 1785 1627 Biblioth.
1815 1594 1879 1626 VI.
1907 1593 2076 1628 138—40.
2136 1594 2212 1627 Cfr.
2238 1593 2345 1628 Suhm
2371 1592 2462 1626 nist.
2489 1565 2551 1625 af*

704 1660 849 1693 Danmk.
875 1660 936 1691 IX.
962 1669 993 1701 p.
1021 1657 1055 1690 9.
1082 1657 1159 1690 156.

579 1721 705 1770 [530]
760 1720 1034 1760 W'ALnssnAnl
1063 1718 1267 1757 Danorum
1296 1717 1583 1769 Slavorumque
1613 1717 1730 1768 regis,
1761 1716 1874 1756 ducis
1904 1715 2033 1765 Jutiae,
2064 1716 2207 1756 domini
2233 1715 2525 1769 Nordalbingiae

323 1794 508 1846 diploma,
547 1806 623 1845 quo
652 1791 873 1830 monasterii
901 1789 1140 1829 Vitescholae
1170 1787 1438 1827 immunitates
1467 1790 1507 1826 et
1535 1788 1818 1839 possessiones
1859 1788 2104 1837 (nominatim
2133 1787 2398 1836 enumeratas)
2435 1800 2522 1826 con-

324 1866 456 1903 firmat.
484 1884 536 1891 —
565 1862 659 1901 Sine
688 1875 798 1900 anno.

707 1932 794 1963 Dan.
818 1929 975 1962 Biblioth.
999 1931 1060 1962 VI.
1090 1928 1257 1962 152-53.
1308 1927 1383 1962 Cfr.
1409 1927 1515 1960 Suhm
1540 1927 1629 1962 nist.
1657 1928 1697 1960 af
1717 1927 1865 1960 Danmk.
1890 1927 1952 1960 IX.
1978 1938 2009 1970 p.
2035 1927 2069 1961 9.
2097 1928 2177 1965 156.

579 1993 705 2042 [531.]
762 1992 1035 2031 XVAanmm
1067 1990 1269 2030 Danorum
1298 1992 1405 2043 regis
1435 1990 1627 2042 diploma,
1672 2003 1750 2042 quo
1782 1991 1874 2042 jura
1909 1988 2194 2030 Lubicensium
2237 1991 2301 2029 “in
2337 1989 2521 2030 nundinis

322 2068 493 2106 Sconore
523 2068 561 2104 et
590 2061 872 2103 Valsterhode”
903 2062 1190 2114 circumscripta
1218 2065 1324 2100 sunt.
1354 2082 1405 2088 —
1436 2061 1531 2099 Sine
1560 2074 1675 2099 anno.

708 2131 882 2164 sartorius
908 2131 1030 2164 Geseh.
1056 2131 1088 2164 d.
1113 2134 1230 2164 Hanse
1254 2131 1308 2164 ed.
1332 2131 1575 2174 Lappenberg‚
1609 2131 1653 2163 1Ι.
1679 2140 1734 2162 no.
1759 2129 1857 2162 VIII.
1889 2139 1922 2172 p.
1958 2128 2103 2162 12—14.
2161 2128 2341 2172 Liljegren
2374 2130 2520 2175 Diplom.

707 2198 850 2227 §vocam
874 2193 918 2225 ΙΙ.
943 2203 996 2225 no.
1025 2193 1123 2225 1707.
1148 2204 1179 2236 p.
1203 2193 1375 2226 642—43.
1425 2193 1500 2226 cfr.
1525 2192 1632 2227 Suhm
1658 2192 1749 2224 nist.
1775 2191 1818 2224 af
1837 2191 1988 2224 Danmk.
2014 2191 2077 2223 lx.
2105 2191 2249 2225 11—13.

1209 2315 1339 2366 1203
1372 2316 1447 2363 vel
1483 2322 1601 2363 ante.

579 2414 705 2463 [532]
763 2414 903 2453 Literae
931 2414 1152 2454 &Vanum
1185 2413 1341 2453 abbatis
1371 2427 1405 2452 s.
1446 2412 1608 2452 Thomae
1646 2413 1694 2452 de
1734 2412 1947 2458 Paraclito,
1991 2411 2041 2451 ad
2078 2411 2122 2450 fr.
2161 2411 2405 2465 Stephanum
2439 2427 2518 2454 mo-

321 2487 495 2532 nachum,
522 2485 569 2525 de
591 2486 735 2524 olerum
760 2483 976 2523 seminibus
1002 2483 1298 2536 herbarumque,
1327 2497 1398 2523 nec
1426 2497 1501 2522 non
1531 2483 1704 2522 radicum
1733 2487 1773 2522 et
1800 2482 1980 2522 arborum
2010 2481 2194 2521 surculis.
2218 2505 2271 2512 —
2295 2484 2388 2525 Sine
2404 2499 2516 2525 anno.

705 2554 890 2596 Langebek
915 2554 1053 2597 Scriptt.
1077 2555 1140 2586 VI.
1166 2555 1221 2587 75.
1248 2554 1312 2587 cfr.
1338 2553 1442 2586 Suhm
1470 2552 1560 2585 nist.
1586 2553 1626 2585 af
1645 2554 1793 2586 Danmk.
1818 2554 1880 2585 IX.
1904 2551 2051 2585 28-29.

578 2785 703 2834 [533]
761 2785 1044 2826 lxxocssx'rlus
1081 2785 1234 2836 (lunas)
1273 2799 1376 2839 papa
1413 2786 1698 2824 institutionem
1728 2784 2023 2837 praebendarum
2061 2788 2098 2822 et
2132 2783 2406 2825 beneficiorum
2449 2801 2518 2840 per

326 2858 550 2908 episcopum
581 2855 833 2893 Arusiensem
862 2856 898 2893 in
928 2856 1093 2896 ecclesia
1122 2857 1328 2895 Arusiensi
1356 2856 1496 2896 factam
1527 2856 1737 2894 confirmat.
1768 2879 1820 2884 —
1849 2855 2066 2907 Anaqnioe,
2106 2853 2171 2894 Ill.
2203 2868 2291 2894 non.
2322 2855 2515 2902 Januarii,

327 2926 493 2977 pontific,
524 2938 620 2963 anno
651 2927 777 2962 sexto.

709 2992 893 3024 Thorkelin
916 2992 1140 3035 Diplomatar.
1164 2997 1400 3037 Arna—Magn.
1426 2995 1454 3028 1.
1478 2995 1534 3027 82.
1591 2993 1778 3035 Langebek
1802 2993 1939 3036 Scriptt.
1966 2994 2039 3026 VL'
2064 2994 2143 3026 388.
2199 2997 2339 3028 Mnnter
2369 2997 2466 3038 Mag.
2488 2997 2514 3029 f.

711 3053 975 3094 Kirchengesch.
1002 3054 1028 3086 1.
1056 3054 1220 3089 174—75.

585 3113 710 3161 [5:34]
766 3113 1030 3154 XVALDEMARI
1070 3117 1174 3167 regis
1212 3118 1348 3165 literae,
1386 3116 1532 3171 quibus
1568 3129 1706 3155 omnes
1743 3116 2031 3168 possessiones
2068 3117 2245 3156 ecclesiae
2282 3119 2514 3159 Arusiensis

327 3184 374 3223 ab
401 3183 651 3236 expeditione,
681 3181 794 3227 Stud,
824 3187 1003 3234 queiscte
1033 3186 1071 3222 et
1099 3187 1201 3224 omni
1231 3189 1391 3227 servitio
1421 3187 1526 3238 regio
1556 3186 1701 3224 eximit.
1730 3208 1783 3213 —-
1811 3185 1939 3237 Apud
1963 3185 2112 3233 Rama,
2139 3185 2267 3226 lel.
2298 3189 2370 3228 cal.
2388 3190 2509 3242 April.

712 3251 893 3285 Thon-heliu
916 3252 1133 3296 Diplomatar.
1157 3258 1389 3301 Arna-Magn.
1414 3257 1441 3291 1.
1466 3256 1521 3289 83.
1566 3255 1752 3298 Langebek
1778 3254 1917 3298 Scriptt.
1943 3255 2004 3287 VI.
2029 3254 2224 3289 395—396.
