2649 3686
192 1329 304 1366 1023.

367 169 434 217 22
1214 167 1369 216 Koxe
1403 166 1733 215 HARDEKNUD.

631 339 760 390 [lOl.]
819 340 962 380 Charta
999 340 1271 385 dimissionis,
1316 350 1391 390 qua
1429 336 1613 376 concedit
1640 337 1853 390 Lysingus,
1897 340 1936 379 in
1964 339 2183 391 'xViogorna
2213 340 2374 379 civitate
2404 340 2584 380 ecclesiis

374 411 612 463 episcopus,
643 413 748 460 (cum
777 411 934 451 licentia
963 409 1276 448 HEARnsscNu'rl
1308 408 1416 458 regis
1445 413 1492 446 ac
1519 406 1696 446 Leosrici
1735 407 1850 447 ducis
1885 409 2141 459 Merciorum)
2179 423 2254 449 suo
2292 409 2397 449 fideli
2434 409 2583 449 homini

374 480 549 531 AEgelric
578 480 678 519 duas
707 493 868 519 mansas
895 481 931 517 in
961 479 1069 524 loeo,
1109 490 1223 529 quem
1254 477 1360 516 illius
1392 481 1503 516 terroe
1532 477 1708 517 solicolae
1736 477 1901 517 Elmlaeh
1932 481 2126 526 vocitant,
2170 483 2210 518 et
2245 484 2341 532 post
2376 481 2465 519 vitae
2502 494 2584 519 suae

374 552 579 588 terminum
606 549 760 589 duobus
790 548 932 601 quibus
961 547 1127 585 voluerit
1154 547 1404 585 cleronomis.
1463 546 1653 595 (Termini
1683 547 1906 587 scribuntur
1935 549 2164 598 Saxonice).
2230 548 2583 602 subscripserunt:

377 619 627 659 Heardecnut
656 632 741 664 rex,
771 617 916 655 Harald
945 617 1042 662 dux,
1073 615 1188 654 Odda
1218 615 1353 663 miles,
1382 616 1530 656 Atsere
1559 618 1761 664 minister,
1791 618 1911 657 Thuri
1941 620 2134 658 minister.
2166 641 2216 646 —
2247 619 2344 658 Sine
2374 633 2490 658 anno.

762 687 853 718 Beda
879 686 928 717 ed.
955 685 1084 727 Smith,
1109 685 1259 728 Append.
1285 697 1316 728 p.
1342 686 1514 720 780—81.
1571 687 1739 728 Palgrave
1763 688 1849 721 Rise
1881 689 1946 721 and
1979 700 2143 732 progrcss
2169 689 2208 721 of
2237 689 2295 721 the
2327 689 2462 731 english
2487 700 2584 722 com-

760 747 960 780 monwealth
984 748 1027 779 11.
1043 758 1072 789 p.
1089 746 1278 779 CCXXVI.
1327 747 1417 790 Epit.
1443 758 1496 791 ap.
1522 749 1678 792 Wanley
1703 749 1737 781 in
1763 751 1864 784 catal.
1889 751 2101 783 bibliotheca:
2125 750 2412 792 Anglosaxonicae
2437 751 2585 794 (Hickcs

763 809 926 841 Thesaur.
957 809 1001 841 11.
1041 807 1127 848 303)
1167 819 1207 841 ex
1239 809 1386 852 chartis,
1435 810 1671 852 Anglosaxon.
1703 812 1909 854 temporibus
1953 811 2120 845 confectis
2157 823 2262 855 penes
2299 814 2404 845 Joan.
2446 817 2586 845 somers

760 873 924 902 Baronem
951 870 991 901 de
1015 870 1196 902 Evcsham.
1246 870 1405 913 Hemingi
1430 871 1620 905 chartular.
1644 872 1811 915 Wigorn.
1835 875 1880 907 Il.
1906 873 1986 907 599.
2042 874 2118 908 Csr.
2139 874 2246 907 Suhm
2267 874 2359 907 nist.
2380 875 2420 906 af
2438 875 2585 908 Danmk.

762 933 823 965 IV.
850 932 996 963 ›lv—48.

633 993 759 1041 [102]
815 992 920 1032 Nota
955 992 1004 1032 de
1043 992 1254 1032 donatione
1283 992 1443 1033 Ulstani
1479 995 1765 1050 wildeprest,
1797 1011 1896 1051 qua,
1926 1001 2123 1036 annuente
2152 998 2447 1037 Annmxnvo
2478 1011 2586 1049 rege,

375 1064 550 1103 ecclesiae
582 1063 726 1103 Christi
755 1063 1064 1102 Doroberniensi
1095 1066 1236 1101 terram
1266 1065 1496 1116 patrimonii
1526 1067 1589 1105 sui
1619 1068 1776 1106 nomine
1807 1066 2007 1106 Turroche
2037 1068 2233 1107 concedit.
2264 1090 2312 1096 —-
2344 1067 2441 1106 Sine
2470 1081 2586 1106 anno,

761 1132 950 1165 Evidentiae
984 1133 1140 1166 ecclesiae
1177 1133 1308 1166 Christi
1336 1135 1598 1169 cantuariensis
1631 1147 1684 1181 ap.
1721 1138 1912 1181 Tuysden,
1939 1137 2131 1182 Scriptores
2157 1137 2248 1171 nist.
2273 1137 2377 1180 Angl.
2408 1139 2451 1171 11.
2485 1137 2587 1170 2225.

764 1195 839 1228 cfr.
865 1195 973 1228 Suhm
998 1195 1089 1229 nist.
1114 1195 1156 1228 af
1174 1196 1322 1229 Danmk.
1347 1198 1409 1230 IV.
1435 1197 1492 1230 48.

1401 1313 1549 1365 1042.

633 1408 761 1458 [103]
818 1409 1024 1463 Diploma,
1068 1425 1146 1465 quo
1176 1411 1466 1452 “HAnnEcxur
1497 1435 1546 1441 -
1585 1426 1654 1452 rex
1682 1412 1899 1464 Anglorum
1931 1416 1972 1451 et
2000 1424 2110 1465 atque
2141 1413 2265 1452 totius
2294 1412 2506 1452 Albionis”
2537 1435 2587 1441 —

378 1491 490 1516 unam
514 1491 691 1518 mansam
722 1481 786 1519 “in
809 1481 910 1527 loco,
942 1483 1007 1534 qui
1037 1496 1059 1521 a
1089 1483 1270 1522 solicolis
1300 1482 1562 1522 Seolescumb
1593 1488 1657 1522 est
1685 1482 1857 1530 dictus”,
1887 1483 2073 1522 AEluuino
2098 1482 2378 1522 Vintoniensis
2407 1484 2589 1523 ecclesiae

373 1549 563 1600 episcopo
593 1551 809 1603 “pro'ejus
841 1550 998 1591 amabili
1023 1552 1272 1606 subjectione
1295 1557 1413 1607 atque
1438 1552 1689 1592 obedientia'’
1715 1552 1818 1591 dono
1851 1552 2021 1592 dedicat.
2079 1551 2332 1605 Subscripsit
2362 1553 2592 1592 Hardacnut

372 1633 437 1657 rex
476 1620 598 1658 totius
625 1619 871 1671 Brytanniae,
909 1621 1059 1673 AElgisu
1088 1622 1269 1676 ejusdem
1307 1625 1414 1676 regis
1451 1627 1576 1662 mater
1612 1644 1661 1651 -
1706 1622 1957 1670 Grimkillus,
2001 1623 2231 1661 australium
2270 1623 2472 1662 Saxonum
2509 1625 2591 1676 epi-

372 1703 520 1743 scopus
550 1712 599 1717 -—
631 1690 786 1729 Siwerd
815 1691 914 1738 dux,
944 1690 1072 1745 {burig
1101 1693 1180 1732 dux
1210 1716 1259 1721 —
1292 1693 1448 1733 Siwerd
1477 1693 1624 1739 abbas,
1654 1715 1703 1723 ⁴-
1735 1693 1877 1745 Osgod
1906 1693 2088 1731 minister
2115 1713 2169 1720 —-
2198 1690 2375 1745 ffiurgils
2395 1694 2589 1739 minister,

374 1760 488 1799 odda
526 1762 724 1808 minister,
768 1761 856 1801 Carl
890 1764 1091 1811 minister,
1133 1764 1273 1804 Attser
1309 1766 1510 1812 minister,
1553 1761 1692 1811 *Dured
1729 1763 1946 1802 minister''.
1986 1784 2036 1791 —
2079 1762 2219 1803 Indict.
2256 1763 2310 1803 X.
2346 1764 2485 1816 viginti
2515 1777 2587 1802 sex

374 1832 524 1883 epactis
555 1832 850 1871 occurrentibus
880 1837 920 1872 et
948 1838 1116 1886 quatuor
1144 1834 1483 1874 concurrentibus.

763 1903 946 1946 Exscripta
985 1904 1050 1937 duo
1084 1904 1283 1938 Thorkclini
1321 1904 1354 1938 in
1387 1905 1589 1948 diplomatar
1620 1902 1824 1944 Langebek.
1859 1913 1961 1936 unum
1999 1902 2062 1937 “ex
2093 1903 2292 1936 membrana.
2323 1902 2449 1947 patenti
2482 1903 2590 1936 musci

1727 1285 1745 1304 ἱ

764 1964 970 2007 Britannici,
1009 1968 1046 1997 ut
1078 1965 1213 1999 videtur
1245 1966 1505 2010 autographa”,
1545 1966 1689 1998 alterum
1715 1965 1779 1997 “ex
1810 1965 2028 2008 apographo,
2062 1966 2219 1998 desumto
2255 1975 2294 1999 ex
2320 1965 2531 2008 autographo
2557 1965 2589 1997 in

765 2026 916 2058 archivis
953 2027 1105 2060 ecclesiae
1142 2027 1402 2062 VVintoniensis
1438 2027 1640 2070 adservat03
1676 2026 1744 2060 vid.
1778 2026 1940 2060 Biblioth.
1973 2028 2205 2071 Harlcyanam
2235 2037 2290 2060 no.
2323 2026 2392 2059 596
2423 2026 2483 2060 sol.
2513 2027 2592 2060 19'‘.

763 2088 921 2130 Epitome
938 2099 990 2131 ap.
1011 2089 1193 2132 Palgrave,
1220 2091 1306 2123 Rise
1324 2091 1389 2123 and
1415 2100 1578 2133 progr-css
1603 2089 1643 2121 of
1664 2089 1721 2121 the
1747 2088 1883 2130 english
1910 2089 2199 2132 commonwealth,
2227 2090 2270 2122 11.
2296 2099 2327 2132 p.
2352 2089 2525 2121 CCCXX.
2551 2099 2590 2122 ex

766 2152 924 2183 Museum
961 2151 1126 2184 Charters
1163 2152 1218 2184 73.
1261 2153 1300 2186 C.
1336 2153 1368 2185 8.
1413 2155 1447 2184 ct
1482 2152 1568 2195 apud
1596 2152 1750 2195 XVanley
1783 2150 1817 2183 in
1849 2151 1953 2184 catal.
1986 2151 2140 2184 biblioth.
2172 2150 2405 2191 Anglosaxon.
2441 2150 2591 2194 (Hickes

767 2213 937 2245 Thesaur.
970 2213 1014 2245 ΙΙ.
1045 2213 1135 2256 308]
1163 2204 1211 2246 'ex
1237 2213 1433 2257 apographo
1459 2214 1639 2247 chartaceo
1671 2212 1803 2257 (1640)
1834 2224 1874 2246 ex
1899 2213 2040 2246 archivo
2074 2212 2157 2245 eccl.
2180 2212 2456 2256 XVintoniensis,
2493 2214 2591 2257 apud.

765 2277 890 2307 Baron.
917 2274 957 2306 de
982 2276 1269 2316 Stow-Langton.
1318 2277 1393 2309 cfr.
1419 2276 1526 2308 Suhm
1551 2275 1642 2308 Hist.
1669 2275 1710 2307 af
1730 2277 1879 2308 Danmk.
1908 2276 1970 2309 IV.
1996 2274 2144 2307 50-51,

638 2335 771 2385 [lot]
827 2336 1027 2389 Diploma,
1057 2351 1134 2389 quo
1165 2336 1470 2385 “H-zammer,
1502 2336 1661 2376 Christo
1691 2337 1918 2376 conserente
1947 2351 2015 2375 rex
2040 2340 2080 2375 et
2102 2338 2352 2389 primicerius
2374 2337 2590 2390 Anglorum

378 2410 495 2457 atque
526 2405 773 2453 Danorum”,
818 2407 955 2446 decem
992 2420 1156 2445 mansas
1192 2411 1301 2446 terrae
1340 2408 1377 2445 in
1408 2406 1518 2454 loco,
1562 2410 1639 2445 “aet
1666 2406 1966 2459 Feornbergaffl
1997 2407 2125 2454 diem,
2171 2408 2352 2447 ecclesiae
2382 2408 2426 2447 S.
2455 2408 2590 2447 Mariae

381 2474 690 2516 Abbendunensi
733 2477 836 2515 dono
881 2477 1051 2516 dedicat.
1131 2477 1318 2525 (Limites
1355 2477 1552 2516 Saxonice
1596 2476 1901 2527 describuntur).
1983 2477 2319 2530 Subscripserunt
2355 2492 2443 2517 cum
2479 2491 2590 2529 rege:

381 2545 551 2596 AElsgiua
580 2548 736 2598 regina,
765 2546 938 2585 Siuuard
967 2547 1115 2594 abbas,
1145 2548 1238 2599 sig,
1269 2547 1411 2599 Osgod
1439 2547 1575 2594 miles,
1618 2547 1724 2599 Akig
1751 2546 1887 2594 miles,
1931 2546 2059 2599 Tokig
2087 2548 2223 2595 miles,
2266 2548 2364 2588 Urki
2394 2549 2591 2593 minister,

382 2614 473 2652 Karl
503 2617 699 2664 minister,
730 2616 867 2668 Toling
895 2618 1088 2656 minister.
1119 2640 1168 2645 —
1200 2617 1242 2656 ln
1272 2618 1393 2669 regali
1424 2618 1516 2656 villa
1543 2617 1718 2663 Sullam,
1748 2631 1849 2655 anno
1880 2617 2033 2669 imperii
2063 2617 2111 2656 ll.

506 2687 509 2689 ’
769 2686 948 2729 Exscripta
980 2687 1043 2720 duo
1076 2688 1277 2720 Thorkelini
1302 2688 1334 2720 in
1361 2688 1535 2731 diplomat.
1567 2686 1788 2728 Langebck.,
1825 2697 1926 2719 unum
1960 2698 2000 2720 ex
2036 2687 2150 2720 codice
2186 2688 2347 2720 Biblioth.
2381 2687 2594 2720 Cottonianae

774 2748 919 2781 Claudio
946 2751 984 2781 B.
1010 2750 1081 2791 vl3
1109 2750 1253 2782 alterum
1281 2760 1320 2782 ex
1344 2750 1417 2782 cod.
1443 2750 1552 2782 chart.
1579 2748 1794 2781 Bibliothccae
1819 2748 2017 2789 Har-tejanae
2043 2760 2097 2782 no.
2123 2749 2181 2782 66.
2208 2750 2268 2782 fol.
2293 2750 2348 2799 42.
2409 2747 2591 2782 Commem.

770 2810 926 2854 XVanlcy
950 2810 983 2842 in
1009 2811 1107 2844 catal.
1134 2811 1286 2844 biblioth.
1308 2813 1494 2854 Anglosax.
1521 2811 1670 2855 (Hickcs
1698 2810 1850 2842 thesaur.
1880 2810 1923 2843 ΙΙ.
1949 2811 2028 2844 227.
2061 2811 2163 2855 237).
2212 2812 2287 2845 Cfr.
2313 2810 2419 2859 Suhm
2438 2810 2529 2843 Hist.
2556 2811 2597 2843 af

772 2872 920 2904 Danmk.
947 2873 1008 2905 lv.
1033 2872 1090 2905 51.

646 2931 772 2981 [105]
831 2933 946 2972 Carta
985 2933 1256 2981 dimissionis,
1302 2948 1378 2989 qua
1414 2933 1598 2973 concedit
1626 2932 1818 2985 Lysingus
1854 2933 2020 2985 praesul,
2066 2934 2172 2982 (cum
2202 2933 2361 2972 licentia
2390 2931 2592 2974 HsARoA-

392 3009 537 3036 rxr'rl.
567 3000 669 3049 regis
686 3001 912 3052 Anglorum,
942 3016 988 3041 ac
1017 3017 1218 3043 consensu
1239 3004 1413 3044 Leosrici
1443 3005 1558 3043 ducis
1581 3002 1834 3051 Merciorum)
1865 3003 1931 3041 uni
1963 3017 2037 3042 suo
2068 3003 2172 3042 fideli
2202 3002 2405 3049 AEthelric‚
2436 3004 2461 3042 6
2486 3017 2593 3042 man-

391 3080 459 3103 sas
486 3067 521 3104 in
548 3067 646 3113 loco,
676 3072 740 3121 qui
766 3073 883 3110 solito
913 3074 1106 3111 vocitatur
1132 3075 1287 3113 nomine
1315 3074 1574 3125 Beoroetleag,
1604 3076 1644 3111 et
1671 3075 1765 3124 post
1794 3073 1882 3111 vitae
1912 3087 1993 3111 suae
2025 3074 2230 3112 terminum
2261 3071 2418 3111 duobus
2448 3072 2593 3125 quibus
2648 3072 2649 3091 ³

392 3136 555 3174 volucrit
583 3137 827 3179 cleronomis.
884 3142 1053 3182 Termini
1084 3142 1339 3196 designantur
1368 3146 1578 3184 Saxonice.
1634 3141 1739 3180 Inter
1761 3141 2060 3196 subscriptores
2085 3143 2253 3182 occurrit
2277 3156 2417 3181 nomen
2441 3142 2591 3194 Durkyl

392 3205 543 3243 ‹liar-on.
577 3227 622 3233 —
655 3206 790 3246 Indict.
819 3210 919 3249 Xmss.

780 3280 869 3312 Beda
895 3282 944 3312 ed.
971 3282 1093 3324 sinim,
1120 3284 1261 3326 append.
1288 3294 1318 3326 p.
1344 3283 1422 3317 781.
1469 3282 1560 3326 Epit.
1585 3293 1636 3326 ap.
1662 3283 1815 3326 VVanlcy
1840 3282 1874 3314 in
1899 3282 2002 3315 catal.
2017 3281 2169 3314 biblioth.
2184 3280 2416 3322 Anglosaxon.
2442 3280 2591 3323 (Hickes

779 3339 942 3374 Thesaur.
978 3345 1019 3375 11.
1054 3345 1142 3387 303)
1184 3356 1222 3378 cx
1256 3345 1407 3388 chartis,
1457 3345 1643 3387 Anglosax.
1681 3344 1887 3388 temporibus
1921 3343 2110 3384 consectis,
2159 3353 2261 3385 penes
2296 3345 2395 3376 Joan.
2432 3346 2588 3383 semem,
