2649 3686
130 311 246 350 1237.

97 381 147 412 13.
180 378 277 419 Maji.

106 652 137 682 -}.
174 649 269 683 Jnlii.

64 988 113 1018 lo.
139 987 292 1028 Augusti.

64 1253 113 1285 ΙΙ.
138 1252 289 1293 Aug-usti.

122 2268 237 2307 12:38.

70 2344 119 2376 15.
146 2347 285 2379 Januar.

102 2621 134 2651 33.
169 2621 261 2653 Febr.

84 3018 135 3051 13.
160 3019 289 3052 Martii.

314 139 410 187 104
490 170 497 177 2
997 131 1150 179 KoxG
1184 127 1472 174 VALDEMAR
1507 138 1604 170 Dm*
1638 119 1840 168 Aanx.
2137 169 2141 172 ,

318 205 2522 233 M*

577 307 703 357 [773]
762 306 970 346 Gnncomi
1007 299 1132 350 (anf)
1166 311 1275 351 papae
1312 294 1360 333 ad
1399 291 1650 332 Guilielmum
1690 290 1783 330 olim
1817 289 2084 328 Mutinensem
2115 275 2347 341 episcopum
2383 289 2522 337 literae,

534 380 568 418 ei
598 378 744 422 omnia,
788 388 873 427 quae
910 376 945 412 in
982 374 1070 424 ejus
1106 370 1299 422 potestate
1338 366 1494 407 essent,
1537 360 1689 405 conari,
1732 359 1780 398 ad
1819 358 2053 411 placandum
2092 371 2224 409 regem
2262 358 2398 397 Daniae
2435 373 2522 399 curu

323 382 331 391 “
443 384 504 418 tes

316 379 503 489 l'ilviltiilbus
534 447 782 490 Teutonicis‚
813 445 848 482 in
875 443 1009 495 primis
1040 440 1086 478 de
1116 442 1244 477 castro
1270 432 1409 473 Reuel.
1439 453 1491 458 —
1530 427 1727 476 Viterbiz',
1757 427 1824 467 Ill.
1855 428 1905 466 id.
1936 428 2053 478 Maji,
2083 427 2222 480 pontif.
2252 441 2352 467 anno
2381 428 2455 467 XI.

708 513 872 557 Raynald.
899 512 1030 544 Contrn.
1063 512 1184 541 Bar-on.
1219 506 1258 537 ad
1292 513 1368 536 ann.
1407 500 1505 532 1237.
1538 499 1649 536 LXV.
1686 499 1782 531 Tom.
1817 499 1862 531 11.
1895 508 1928 541 p.
1965 497 2043 530 177.
2104 497 2240 530 Gruber
2271 497 2370 540 Orig.
2404 498 2522 532 Livon.

709 586 740 618 p.
767 574 843 606 273.
892 572 981 614 Epit.
1008 571 1039 603 in
1063 566 1204 602 Meni-sii
1231 577 1301 608 opp,
1330 565 1426 595 Tom.
1451 562 1514 593 IX.
1539 558 1699 592 396—97
1725 563 1795 591 not.
1822 560 1975 591 Gramm.

576 637 701 685 [774]
758 635 897 674 Literae
926 633 1044 671 Eruci
1079 626 1379 680 (Plorpenning)
1410 623 1535 672 regis,
1573 620 1721 673 quibus
1752 621 1944 671 declarat,
1990 634 2036 660 se
2065 634 2137 672 pro
2167 620 2328 660 dimidia
2359 620 2522 668 fabrica,

319 722 434 761 quam
464 708 498 746 in
529 708 685 745 civitate
715 704 878 756 Ripensi
907 703 1016 754 prius
1047 698 1180 737 habuit
1209 697 1422 749 episcopus
1452 692 1665 743 Ripensis,
1696 690 1822 730 eidem
1852 691 2086 741 assignasse
2116 704 2281 730 censum
2310 695 2525 732 aratrorum

318 780 354 816 in
386 775 682 827 Hartlroesysael,
713 770 1020 824 Almundsysoel,
1050 773 1088 808 et
1116 762 1429 816 KVarwithsysael
1459 774 1547 800 cum
1570 760 1729 814 oppidis
1751 760 1946 800 XVarwith
1970 764 2008 800 et
2032 759 2243 799 Laemvich.
2265 782 2318 789 -—
2341 759 2524 801 Kaland-

320 847 467 899 buryle,
497 847 534 883 4.
566 859 651 883 non.
683 843 788 881 Julii.

707 912 809 944 §ulmi
836 910 923 942 Hist.
950 908 987 940 af
1009 907 1156 940 Danmk.
1183 905 1245 937 IX.
1272 903 1350 936 7⁷1.

575 975 700 1022 [775]
757 973 897 1011 Literae
938 981 1056 1008 PAPAE
1099 967 1145 1005 ad
1185 964 1462 1011 wilhelmum,
1507 963 1678 1015 legatum
1724 963 1872 1015 ipsius,
1917 961 1966 1001 de
2013 966 2166 1008 castro,
2212 961 2318 1015 quod
2361 961 2526 1002 Revalia

315 1047 546 1090 nominatur,
590 1058 657 1096 per
691 1043 828 1081 fratres
866 1039 1006 1077 militiae
1043 1036 1187 1076 Christi
1220 1036 1256 1073 in
1296 1033 1462 1073 Livonia
1501 1036 1714 1086 occupato,
1758 1033 1840 1085 regi
1877 1032 2131 1072 waldemaro
2173 1032 2433 1072 restituendo.
2470 1054 2525 1062 —-

323 1115 512 1162 riter-bii,
544 1113 609 1152 W.
640 1112 690 1150 id.
719 1110 903 1161 Augusti.

701 1180 803 1212 subm
829 1178 917 1210 nist.
943 1177 982 1209 af
1002 1175 1150 1208 Danmk.
1175 1176 1236 1208 IX.
1261 1173 1433 1206 677—78.
1459 1176 1531 1206 not.

571 1242 696 1291 [776.]
756 1240 970 1278 Gasconn
1022 1234 1153 1290 (anff)
1206 1250 1316 1289 papae
1353 1235 1402 1274 ad
1445 1235 1787 1288 archiepiscopum
1829 1233 2086 1274 Lundensem
2129 1233 2275 1280 literae,
2325 1237 2369 1272 ut
2412 1233 2526 1272 liceat

312 1318 499 1369 episcopo
529 1311 800 1355 Roskildensi,
828 1309 1032 1358 ‚executori
1062 1307 1285 1346 testamenti
1315 1304 1486 1344 Esberni
1517 1306 1670 1351 militis,
1709 1304 1834 1359 hujus
1863 1308 2140 1344 testamentum
2171 1296 2391 1343 executioni
2421 1317 2525 1342 man·

311 1387 423 1430 (lare,
467 1384 539 1422 etsi
569 1387 689 1420 mater
718 1381 805 1432 ejus
835 1378 1064 1429 Margarita,
1109 1379 1222 1429 quasi
1262 1377 1434 1428 legitima
1471 1375 1598 1415 haeres
1643 1375 1797 1430 (“jnxta
1834 1388 1994 1428 pravam
2034 1373 2139 1412 illius
2176 1377 2287 1412 terrae
2317 1377 2525 1413 consvetu-

310 1455 456 1500 dinem,
487 1466 570 1505 queo
599 1452 748 1490 abusus
777 1450 911 1502 potius
941 1448 1015 1486 dici
1056 1451 1209 1500 potest,
1254 1446 1368 1485 videl.
1407 1446 1513 1499 quod
1549 1447 1584 1485 si
1621 1445 1808 1499 probatur
1845 1459 1914 1498 per
1945 1443 2024 1483 ΧΠ
2055 1448 2203 1490 testes,
2243 1444 2308 1496 qui
2340 1444 2525 1482 nominati

309 1526 506 1569 dicuntur,
537 1521 641 1574 quod
668 1519 862 1559 decedens
892 1518 1037 1571 aliquid
1066 1519 1102 1556 in
1133 1520 1371 1557 testamento
1396 1517 1510 1556 alicui
1544 1531 1618 1555 non
1651 1516 1817 1562 dimisit,
1861 1519 2141 1554 testamentum
2181 1514 2409 1565 decedentis
2448 1528 2523 1553 non

310 1595 432 1640 valet,
470 1594 558 1631 licet
588 1592 817 1630 contrarium
846 1603 915 1642 per
952 1590 1168 1628 autenticas
1201 1588 1332 1626 literas
1362 1590 1400 1625 et
1433 1587 1598 1625 idoneos
1641 1591 1770 1626 testes
1813 1585 2038 1639 probetur”)
2084 1585 2246 1637 legalem
2289 1584 2524 1638 protulisset

309 1665 595 1715 exceptionem,
628 1660 804 1715 (dederat
834 1660 1011 1705 nimirum
1040 1659 1161 1697 multa
1193 1657 1296 1697 bona
1326 1671 1400 1696 sua
1431 1656 1675 1711 pauperihus
1705 1661 1744 1696 et
1773 1657 1848 1710 piis
1878 1656 2007 1702 locis).
2037 1678 2090 1684 —-—
2143 1654 2338 1704 Viterbe'c',
2371 1655 2438 1695 111.
2469 1654 2521 1693 id.

310 1734 499 1785 Augusti,
529 1732 668 1785 pontif.
699 1745 798 1769 anno
829 1730 898 1769 XI.

698 1801 872 1841 Liljegren
893 1799 1116 1842 Diplomatar.
1144 1800 1283 1831 Sveean.
1309 1798 1339 1831 I.
1365 1808 1419 1831 no.
1445 1797 1525 1830 297.
1551 1808 1584 1840 p.
1611 1797 1691 1830 289.

569 1864 694 1911 [772]
753 1862 875 1901 Emer
915 1861 1218 1914 (Plogpenning)
1255 1860 1316 1899 dei
1361 1861 1484 1912 gratia
1523 1860 1725 1899 Dauorum
1763 1858 2050 1911 Slavorumque
2087 1858 2192 1909 regis
2230 1856 2371 1905 literae,
2406 1856 2520 1895 War-

310 1934 516 1986 withsysel
546 1934 580 1972 in
614 1931 876 1971 babitantibus
907 1931 1080 1983 scriptae,
1125 1930 1258 1983 “quod
1298 1931 1334 1969 in
1374 1930 1479 1969 nullo
1518 1930 1701 1969 volumus
1732 1929 1945 1968 diminuere
1982 1928 2135 1979 navigia
2173 1928 2318 1967 domini
2345 1926 2522 1980 episcopi

307 2005 518 2057 Ripensis,
549 2004 619 2042 sed
652 2016 694 2041 ea
726 2015 877 2040 manere
907 2001 1088 2039 volumus
1118 2001 1260 2047 illresa,
1304 2001 1409 2039 sicut
1441 2001 1525 2053 jam
1564 2000 1714 2039 dudum
1754 1998 1924 2038 dilectus
1962 2003 2074 2052 pater
2105 2003 2239 2039 noster
2274 2002 2313 2038 et
2347 2011 2422 2037 nos
2450 2009 2522 2050 per

309 2076 470 2113 nuntios
501 2079 657 2112 nostros
688 2071 763 2111 sibi
795 2071 958 2110 fecimus
988 2071 1182 2121 assignari
1214 2074 1251 2109 et
1280 2071 1495 2109 annotari’'.
1527 2092 1578 2098 -
1607 2070 1703 2108 Sine
1733 2083 1849 2109 anno.

699 2145 867 2185 Terpager
891 2141 986 2184 Ripae
1012 2141 1139 2174 Cimbr.
1165 2152 1196 2184 p.
1220 2141 1300 2174 682.
1351 2141 1424 2173 Cfr.
1450 2140 1557 2173 Suhm
1581 2139 1673 2173 nist.
1698 2140 1738 2172 af
1758 2138 1905 2172 Danmk.
1931 2139 1994 2173 lx.
2018 2138 2191 2172 673—74.

568 2339 683 2389 [778]
743 2339 961 2379 Gssnconrr
995 2336 1131 2392 (ani)
1162 2352 1273 2391 papae
1304 2337 1352 2377 ad
1377 2337 1631 2377 Lundensem
1658 2340 1696 2376 et
1718 2336 1998 2390 Upsaliensem
2023 2334 2362 2388 archiepiscopum
2387 2335 2522 2382 literae,

310 2414 349 2449 ut
379 2410 600 2448 cessionem
632 2411 806 2462 episcopi
839 2409 1051 2448 Skarensis
1081 2409 1293 2457 (Stenaris)
1322 2408 1408 2447 vice
1439 2408 1658 2461 apostolica
1688 2407 1895 2460 accipiant,
1927 2411 1966 2445 et
1995 2405 2237 2458 provideant,
2268 2410 2311 2444 ut
2340 2405 2389 2445 de
2419 2406 2517 2445 redi-

309 2479 413 2518 tibus
431 2479 719 2532 episcopalihus
743 2480 1069 2518 sustentationem
1088 2480 1263 2532 accipere
1287 2479 1431 2531 possit.
1453 2501 1507 2508 -—
1531 2479 1754 2526 Laterani,
1783 2477 1931 2516 XVlll.
1949 2476 2020 2515 eal.
2037 2475 2151 2514 Febr.
2169 2476 2312 2528 pontif.
2329 2490 2431 2516 anno
2446 2475 2519 2515 Xl.

696 2549 854 2581 Vastovii
879 2549 958 2582 vitis
985 2548 1128 2592 aquilon.
1156 2561 1186 2592 p.
1216 2548 1290 2581 176.
1339 2548 1515 2590 Liljegren
1541 2548 1766 2591 Diplomatar.
1793 2551 1934 2580 svecam
1961 2547 1987 2579 Ι.
2014 2556 2068 2578 uo.
2093 2545 2174 2577 299.
2200 2557 2232 2589 p.
2257 2546 2337 2579 291.

567 2610 681 2660 [Tm]
743 2611 975 2650 (iumentis
1013 2612 1229 2663 episcopus
1266 2611 1457 2663 Ripensis
1496 2611 1688 2656 declarat,
1739 2623 1784 2649 se
1821 2622 1842 2647 a
1880 2607 2066 2647 fratribus
2106 2607 2202 2646 Loci
2240 2607 2316 2646 Dei
2355 2607 2518 2647 fundum

312 2680 501 2732 quendam
530 2680 644 2732 Ripis
674 2682 790 2719 sitnm
822 2682 1047 2734 accepisse,
1091 2686 1159 2720 “ut
1189 2682 1224 2719 in
1263 2696 1308 2720 eo
1340 2681 1389 2720 de
1419 2685 1581 2733 sumptu
1616 2683 1753 2718 nostro
1791 2678 1951 2718 aedificia
1988 2691 2228 2730 poneremus
2265 2682 2303 2716 et
2341 2678 2391 2716 ad
2430 2677 2516 2717 dies

312 2753 466 2787 nostros
504 2749 550 2787 ad
589 2750 823 2789 voluntatem
862 2755 1033 2790 nostram
1073 2751 1373 2804 disponeremus
1517 2750 1592 2801 hac
1628 2750 1911 2789 interveniente
1948 2747 2190 2794 conditione,
2233 2753 2276 2787 ut
2305 2751 2400 2800 post
2428 2747 2516 2787 dies

312 2822 468 2856 nostros
497 2818 678 2870 praefatus
710 2820 873 2867 fundus,
917 2835 1002 2860 cum
1042 2822 1129 2860 suis
1168 2822 1340 2860 :edificiis
1371 2825 1410 2860 et
1439 2820 1622 2860 omnibus
1653 2819 1769 2858 bonis
1799 2817 1943 2858 ibidem
1974 2818 2163 2864 inventis,
2207 2832 2341 2857 eorum
2371 2817 2515 2857 usibus

314 2887 466 2926 cederet
496 2887 531 2924 in
564 2889 826 2940 perpetuum’'.
853 2911 907 2917 -—
935 2890 983 2929 In
1011 2891 1127 2930 Loco
1157 2891 1263 2939 Dei,
1293 2893 1405 2930 tertio
1433 2905 1558 2930 nonas
1588 2889 1812 2934 Februarii,
1842 2901 1943 2927 anno
1972 2888 2223 2940 pontificatus
2253 2891 2406 2927 octavo.

701 2959 883 2998 Langebck
910 2958 1046 3000 Scriptt.
1071 2961 1166 2993 VIII.
1192 2961 1273 2994 242.

572 3016 699 3064 [780]
758 3019 963 3058 Gar-:Gonu
1000 3018 1129 3069 (lX¹¹¹)
1166 3036 1276 3075 papae
1311 3023 1359 3062 ad
1398 3035 1529 3074 regem
1568 3020 1701 3059 Daciae
1741 3020 1882 3065 literae,
1935 3017 2082 3071 quibus
2122 3020 2156 3058 ei
2194 3019 2390 3059 licentiam
2428 3019 2515 3064 dat,

314 3085 462 3124 nobiles
499 3086 605 3136 regni
642 3087 751 3137 ejus,
794 3088 858 3139 qui
888 3090 1040 3140 signum
1071 3092 1196 3130 crucis
1227 3095 1500 3132 assumserunt
1529 3091 1697 3142 ideoque
1727 3089 1854 3129 officia
1883 3088 2013 3128 dehita
2044 3089 2126 3140 regi
2162 3092 2352 3141 praestare
2389 3089 2514 3128 detre-

317 3159 536 3200 ctaverant,
580 3154 653 3193 “ad
684 3157 836 3194 servitia
867 3157 994 3196 debita
1031 3163 1068 3198 et
1105 3166 1290 3201 consveta
1328 3162 1583 3215 compellere,
1628 3173 1702 3199 nou
1747 3158 1928 3199 obstante
1969 3159 2072 3213 quod
2113 3159 2230 3199 iidem
2268 3160 2346 3199 sint
2384 3159 2514 3198 crucis

315 3224 534 3264 charactere
564 3225 772 3276 insigniti’.
801 3247 852 3253 -
881 3227 1105 3276 Laterani,
1138 3229 1200 3269 lll.
1232 3230 1282 3269 id.
1312 3231 1448 3278 Marti,
1477 3231 1614 3284 pontis.
1645 3244 1744 3269 anno
1777 3228 1848 3269 Xl.

702 3293 831 3328 suana.
857 3296 996 3330 mter-ar.
1023 3298 1138 3331 sclsk.
1165 3300 1334 3344 skrifter,
1360 3302 1415 3336 21.
1444 3288 1502 3334 im.
1526 3312 1557 3346 p.
1583 3301 1617 3333 7.

2600 749 2602 751 ψ
2635 712 2649 800 2

2641 468 2646 475 ι

2638 277 2649 392 ἒ

2638 399 2649 445 i

2640 542 2649 588 ᾗ

2618 500 2623 528 s

2619 595 2645 641 i.

2619 643 2649 709 li

2622 1077 2625 1144 Ξ

2640 1180 2647 1214 l

2622 1247 2649 1339 ,ξ

2621 1336 2649 1395 t}

2622 1533 2626 1553 d

2624 1567 2626 1583 Ι
