2649 3686
719 150 873 201 Koxe
908 148 1253 200 Cnms'rorrm
1290 164 1387 197 nex
1422 147 1624 197 Axnssx.
2171 158 2266 206 249

57 218 2269 251 -——----————-----——-——-—-=*

321 322 476 372 [2070]
535 322 700 370 Literae,
740 324 778 362 in
808 323 952 377 quibus
988 324 1187 363 “universi
1226 334 1510 362 manca-ronna
1542 333 1592 360 ne
1624 333 1893 360 crum-rinus
1925 321 2270 373 Tueuromcomm,
2340 328 2454 369 1329.

59 393 125 447 qui
152 391 348 432 velificant
376 392 426 432 ad
464 392 704 445 oppidanum
744 394 897 432 scilicet
926 386 1212 446 El‘enboghen''
1249 392 1437 432 consules
1466 389 1727 429 Lubecenses
1764 395 1920 441 rogant,
1964 396 2006 430 ut
2041 395 2270 434 societatem

57 476 170 504 suam
201 462 238 501 in
269 462 468 516 oppidano
497 462 757 514 Elcnboghen
787 463 970 513 (Malmii)
999 464 1147 503 firmam
1177 475 1336 502 servare
1365 475 1411 500 se
1441 460 1642 512 adjuvent.
1660 481 1705 488 —
1732 459 1989 513 Elmaboqme,
2019 461 2121 510 (sine
2145 466 2274 512 armo).

449 532 625 566 Sar-torius
653 533 780 566 Gescli.
806 533 837 566 d.
864 536 981 567 Hanse
1007 533 1060 566 ed.
1084 533 1259 576 Lappcnb.
1284 532 1328 565 11.
1352 541 1408 564 no.
1433 530 1651 563 cxxxula.
1676 541 1707 573 p.
1732 529 1811 562 321.

1096 633 1241 683 1330.
2345 646 2460 686 1330.

318 729 474 779 [2071]
534 731 790 770 “JonANNr-:s
821 731 882 771 dei
908 733 1031 784 gratia
1054 745 1193 771 comes
1214 729 1431 769 Holtzaciae
1455 730 1495 766 et
1517 727 1741 766 Stormarioe
1767 730 2031 781 terrarumque
2056 728 2275 769 Siaelandiae
2315 729 2366 762 13·
2391 731 2491 763 Febr.

57 804 97 840 et
125 799 281 840 Skaniae
325 801 586 853 capitaneus'’
628 801 801 840 dominis
843 801 977 841 abbati
1016 806 1057 841 et
1094 800 1304 840 conventui
1342 799 1380 837 in
1409 797 1554 837 Esrom
1590 797 1695 835 “duo
1725 796 1816 836 bool
1848 799 1885 836 in
1923 800 2038 838 terris
2068 800 2105 837 in
2135 812 2274 852 campo

57 869 248 910 Geeslef’
277 883 366 909 cum
397 875 486 909 octo
518 871 651 910 fundis
683 871 828 910 ibidem
860 872 973 918 sitis,
1004 885 1088 924 quae
1117 870 1322 911 Johannes
1350 867 1553 908 Jacobsun
1584 867 1734 907 eisdem
1766 867 1938 906 dominis
1969 869 2005 907 in
2037 872 2273 908 testamento

57 940 222 993 legavit,
251 940 454 993 adjudicat
479 942 569 994 jure
598 945 794 994 perpetuo
823 940 1084 994 possidenda.
1113 963 1167 969 —-
1196 938 1238 978 ln
1268 938 1447 992 profesto
1476 937 1581 976 beati
1610 938 1809 977 Valentini
1839 939 2036 990 martyris⁴

451 1011 638 1052 Langebek
665 1011 804 1054 Scriptt.
830 1011 894 1044 lx.
989 1034 998 1043 .
1049 1009 1132 1043 Cod.
1158 1010 1295 1043 Esrom.
1320 1008 1382 1041 fol.
1409 1005 1637 1041 CLXXllllb.

318 1071 474 1121 [2072]
533 1074 727 1111 Amnnfflr
765 1073 1003 1112 Pmrmsum
1046 1084 1097 1110 nr}
1135 1070 1394 1110 Boomnmu»
1437 1070 1556 1108 literae
1592 1068 1641 1107 de
1678 1067 1800 1108 honis·
1831 1070 1867 1108 in
1906 1068 2076 1109 Geesles
2106 1082 2128 1108 a
2158 1082 2203 1108 se
2232 1073 2272 1108 et
2310 1071 2362 1104 15.
2394 1070 2495 1104 Febr.

55 1141 147 1182 aliis
175 1143 416 1182 monasterio
445 1141 681 1182 Esromensi
710 1144 924 1194 resignatis
953 1141 1048 1190 (vid.
1079 1154 1200 1194 supra
1231 1154 1294 1182 no.
1327 1139 1474 1188 1800.).
1500 1161 1552 1168 --
1581 1139 1761 1185 Laudis,
1792 1140 1829 1177 in
1860 1140 2031 1179 crastino
2059 1139 2271 1178 Valentini.

451 1213 640 1254 Langebek
666 1212 804 1255 Scriptt.
828 1213 890 1246 lx.
985 1235 994 1244 .
1043 1211 1128 1245 Cod.
1153 1211 1290 1244 Esrom.
1319 1210 1380 1242 fol.
1407 1210 1580 1242 CLXXV.

319 1272 474 1323 [2073]
534 1275 798 1314 Cmsropom
822 1273 1022 1313 Danorum
1055 1275 1366 1324 sclavorumque
1396 1273 1500 1323 regis
1529 1274 1569 1310 et
1595 1269 1702 1309 Erici
1731 1271 1837 1322 regis
1864 1270 2064 1310 Danorum
2095 1274 2134 1309 et
2163 1270 2271 1309 Scla-
2306 1270 2362 1304 25·
2394 1271 2493 1304 Febr·

61 1356 195 1383 vorum
226 1343 420 1396 diploma,
464 1358 541 1397 quo
581 1358 724 1396 genero
756 1358 829 1383 suo
868 1343 946 1382 dno
989 1341 1188 1388 Gerardo,
1218 1343 1353 1381 comiti
1382 1341 1597 1381 Holtzaciae
1624 1345 1663 1380 et
1692 1341 1936 1388 δῖοι-1111111113,
1973 1342 2137 1392 suisque
2167 1341 2270 1378 veris

60 1413 285 1453 haeredihus
312 1417 434 1453 totam
465 1418 605 1453 terram
628 1414 815 1454 Pheoniae
840 1414 930 1466 jure
959 1412 1104 1453 feodali
1134 1412 1352 1459 conferunt,
1383 1416 1422 1451 et
1451 1411 1633 1450 ducatum
1663 1410 1932 1463 Sundcrjuciae
1961 1412 2204 1463 promittunt,
2234 1410 2269 1447 si

58 1483 137 1524 dux
165 1483 288 1524 Juciae
323 1484 557 1523 domicellus
585 1484 864 1523 VValdemarus
893 1482 1047 1537 absque
1083 1481 1308 1522 haeredibus
1346 1481 1592 1520 discesserit.
1631 1501 1681 1509 —-
1718 1479 1767 1521 In
1797 1482 1968 1524 civitate
1995 1481 2188 1534 Ilipeusi,
2231 1480 2269 1517 in

57 1553 254 1594 dominica
285 1568 360 1608 qua
390 1557 569 1593 cantatur
598 1554 812 1593 Invocavit.

450 1624 641 1657 Michelsen
669 1623 991 1656 Urkundensamml.
1017 1623 1060 1657 11.
1086 1632 1143 1655 no.
1166 1623 1312 1654 LXVII.
1338 1632 1369 1664 p.
1398 1621 1546 1653 75—77.

318 1681 474 1735 [2074]
530 1685 683 1737 Hertug
719 1686 894 1725 Annam*
940 1685 985 1725 af
1021 1685 1176 1724 Sassen
1219 1687 1449 1736 pantsaetter
1490 1683 1575 1721 sine
1612 1681 1749 1720 Lande
1789 1680 1831 1719 til
1870 1679 1973 1720 Grev
2009 1679 2185 1719 Gerhard
2228 1679 2271 1718 al*
2290 1674 2523 1718 9·V·¹ss·Al’¹'·

55 1754 250 1796 Holsteen
280 1755 339 1795 for
378 1755 428 1795 10
459 1755 636 1795 Tusinde
665 1755 779 1795 Mark
814 1755 939 1807 liidigt
973 1755 1090 1802 Salv,
1134 1754 1210 1793 “de
1247 1767 1345 1792 vnse
1382 1766 1444 1791 om
1482 1765 1597 1803 greve
1635 1751 1759 1790 Ghert
1795 1750 1982 1803 medcgas
2012 1764 2129 1788 vnser
2156 1749 2268 1788 leven

59 1820 197 1865 moder
225 1840 295 1864 vor
322 1825 498 1865 Elseben
529 1825 579 1864 do
610 1839 655 1865 se
685 1825 831 1878 koning
861 1824 957 1865 Eric,
982 1825 1119 1878 (Kong
1148 1822 1380 1864 Christoffer
1412 1820 1523 1860 fluens
1554 1822 1651 1871 Son)
1676 1834 1760 1859 nam
1785 1825 1823 1860 to
1847 1834 1966 1873 eyner
1994 1819 2187 1858 vrowen''.
2218 1840 2267 1846 —

59 1895 281 1948 Mandagen
311 1896 410 1936 ester
437 1895 610 1937 Paaske.
2011 1888 2267 1941 (Plattydsk).

451 1966 666 1999 Videnskab.
680 1965 796 1998 Selsk.
814 1964 941 1997 Skrit't.
954 1966 1033 1998 VII.
1053 1963 1226 1997 564—66.
1273 1962 1461 1996 Michelsen
1475 1960 1794 1993 Urkundensamml.
1810 1961 1852 1994 11.
1867 1969 1920 1992 110.
1934 1959 2061 1991 Lxlx.
2075 1970 2105 2001 p.
2121 1958 2267 1990 79-80.

321 2027 478 2076 [2075.]
535 2027 721 2066 Forbund
750 2027 907 2066 mellem
936 2026 1130 2066 Albrecht
1160 2039 1210 2077 og
1237 2025 1386 2070 Johan‚
1430 2023 1572 2061 Heri-er
1602 2022 1643 2060 til
1669 2021 1926 2071 Meklenburg
1955 2035 1990 2059 o.
2021 2034 2054 2058 s.
2085 2033 2120 2058 v.
2157 2018 2266 2066 (For-
2301 2023 2358 2057 20.
2383 2023 2482 2064 Maji.

58 2095 246 2150 myndere
276 2096 335 2136 sor
362 2097 514 2137 Henrik
542 2097 678 2150 Ltives
708 2097 904 2144 Senner),
933 2111 983 2149 og
1010 2096 1139 2135 Johan
1171 2109 1220 2147 og
1248 2093 1450 2144 Henning,
1486 2092 1627 2130 Herrer
1656 2092 1698 2130 til
1727 2091 1880 2136 wer-le,
1924 2090 1967 2128 til
1996 2089 2118 2128 saelles
2147 2088 2266 2141 Hjelp

57 2166 151 2206 mod
179 2167 254 2206 alle
283 2167 472 2206 udvortes
501 2166 691 2220 Fjender,
722 2166 800 2219 dog
827 2167 1042 2219 undtagest
1073 2166 1243 2216 “koning
1260 2164 1531 2203 Crusrorom:
1559 2175 1632 2200 von
1650 2160 1946 2200 Denenmarken
1971 2159 2072 2197 vnde
2096 2157 2267 2209 koningh

58 2236 178 2277 Erike
207 2237 307 2277 vnde
333 2236 523 2288 hertogen
556 2236 677 2275 Otten
707 2238 794 2275 sine
825 2237 963 2284 sone'’,
992 2236 1112 2288 Kong
1136 2235 1307 2286 Magnus
1331 2232 1375 2271 af
1391 2232 1553 2282 Sverige
1577 2244 1627 2282 og
1648 2229 1780 2282 Norge
1804 2244 1853 2281 og
1882 2229 1996 2280 nogle
2027 2226 2266 2278 nordtydske

15 2332 19 2336 ·
57 2306 233 2360 Fyrster.
264 2329 313 2335 —
349 2307 408 2347 To
443 2306 684 2353 Tzwizowe,
715 2306 788 2345 des
819 2310 1008 2358 negesten
1040 2304 1268 2356 sondaghes
1297 2316 1365 2340 vor
1393 2302 1611 2354 pingesten.
2010 2296 2265 2348 (Plattydsk).

454 2377 561 2410 Lisch
592 2377 807 2411 Jahrbiieher·
841 2377 900 2410 des
933 2376 1084 2410 Vereins
1122 2375 1179 2407 fiir
1202 2372 1438 2412 Meklenburg.
1474 2369 1679 2402 Geschichte
1712 2368 1780 2401 und
1813 2366 2159 2407 Altcrtliumskunde,
2197 2367 2268 2397 7⁸2¹

451 2439 574 2480 Jahrg.
601 2441 637 2471 S.
667 2438 838 2471 245-47.

319 2500 476 2549 [2076]
534 2499 669 2539 Pss‘rnl
707 2500 887 2553 episcopi
919 2498 1169 2538 Ottoniensis
1213 2493 1480 2545 indulgentiae,
1521 2490 1621 2530 datae
1657 2491 1728 2536 iis,
1772 2491 1838 2542 qui
1881 2489 2060 2528 ecclesiae
2100 2488 2145 2526 St
2193 2487 2267 2527 Mi-
2303 2489 2358 2522 23.
2391 2488 2488 2522 Julii.

60 2570 209 2610 chaElis
237 2571 410 2624 Ripensi
439 2583 580 2610 manus
610 2569 825 2622 adjutrices
853 2569 1108 2621 porrexerint.
1137 2588 1190 2595 ——
1217 2565 1356 2617 Ripz‘s,
1387 2561 1558 2600 crastino
1587 2559 1710 2599 beatae
1739 2559 1874 2598 Mariae
1903 2558 2158 2610 Magdalenae.

453 2642 625 2684 Terpager
649 2639 742 2684 Ripae
770 2640 898 2672 Cimbr.
925 2650 955 2682 p.
981 2636 1152 2670 387—88.
1409 2673 1412 2677 ,

323 2701 480 2751 [2077.]
537 2701 752 2741 ΝιοΗοιΛι
778 2701 994 2740 ,ΙΑοοιιςυΝ
1023 2712 1072 2736 nr:
1097 2696 1382 2736 HAR'rnmxmr
1407 2692 1543 2730 iterata
1567 2691 1779 2741 resignatio
1804 2689 1898 2737 (vid.
1915 2701 2031 2741 supra
2049 2702 2112 2728 no.
2132 2686 2265 2737 1800.)
2291 2692 2346 2727 26.
2365 2692 2522 2736 Augusti.

60 2771 253 2812 bonorum
282 2773 320 2811 in
347 2771 526 2818 Gesleff,
570 2771 648 2810 “ad
684 2771 894 2810 instantias
930 2767 1103 2818 religiosi
1143 2765 1212 2803 viri
1244 2763 1372 2801 fratris
1400 2759 1630 2805 Michaelis,
1674 2760 1940 2811 procuratoris
1970 2757 2266 2797 reverendorum

60 2841 308 2882 dominorum
339 2841 388 2880 de
416 2841 635 2894 Esyr0m”‚
665 2841 782 2880 sacta.
812 2862 865 2869 —-
894 2838 1075 2883 Laudis,
1106 2847 1205 2873 anno
1236 2831 1383 2870 domini
1412 2829 1765 2868 M⁰.tricentesinio
1791 2828 1903 2876 (corr.
1926 2826 2265 2866 M.0CCC.⁰trice-

62 2908 209 2964 simo),
238 2911 435 2951 dominica
463 2911 642 2964 proxima
670 2914 767 2964 post
796 2910 942 2949 festum
972 2906 1076 2946 beati
1105 2900 1371 2942 Bettholomei
1401 2898 1586 2951 apostoli.

454 2980 640 3022 Langebek
665 2980 805 3023 Seriptt.
829 2980 892 3014 lx,
986 2999 994 3008 .
1044 2973 1126 3006 Cod.
1154 2972 1276 3002 Esrom
1303 2969 1363 3001 fol.
1389 2966 1602 3001 CLxxlub.

324 3041 480 3090 [2078]
539 3041 869 3081 Cnmsrornonl
913 3037 1019 3088 regis
1062 3032 1218 3087 querela
1255 3034 1295 3070 et
1331 3029 1540 3082 appellatio
1575 3028 1626 3068 ad
1663 3027 1798 3071 sedem
1836 3027 2096 3080 apostolicam
2133 3030 2267 3066 contra
2291 3033 2347 3067 22.
2372 3033 2500 3078 septbr.

62 3111 221 3152 fratrem
243 3110 472 3152 Tuehonem
493 3110 640 3150 dictum
663 3109 807 3156 Klaerk,
838 3106 986 3147 ordinis
1015 3102 1332 3145 praedicatorum,
1363 3103 1459 3150 “pro
1485 3099 1673 3150 episcopo
1695 3097 1979 3150 Burglanensis
2001 3097 2201 3135 dioecesis
2224 3110 2269 3136 se

62 3181 305 3233 gerentem”‚
319 3181 422 3220 lecta
433 3194 563 3220 coram
574 3181 788 3233 episcopis,
803 3173 1030 3218 baronibus,
1048 3169 1248 3216 militibus,
1264 3167 1514 3213 militaribus,
1530 3167 1686 3206 clericis
1704 3171 1743 3206 et
1758 3167 1870 3207 laicis
1886 3169 1923 3206 in
1939 3167 2083 3220 placito
2100 3165 2269 3217 generali

62 3248 314 3302 WVibergensi
336 3251 599 3303 congregatis.
622 3271 676 3278 —
700 3248 750 3288 In
771 3246 928 3299 placito
949 3240 1140 3293 qenerali
1162 3238 1431 3291 Wiberqensi,
1463 3237 1526 3276 dic
1551 3235 1656 3276 beati
1680 3235 1858 3276 mauricii
1884 3240 1923 3276 et
1945 3237 2142 3275 sociorum
2167 3236 2269 3288 ejus.

459 3319 648 3362 Langebek
672 3316 810 3360 Scriptt.
835 3315 897 3348 Vl.
923 3309 1093 3344 515—51,

134 3381 263 3418 Regest.
283 3383 359 3411 Dan.
379 3381 402 3411 1.
1959 3369 2010 3409 32
