2649 3686
827 139 983 189 Koxe
1017 140 1147 190 Eun<
1184 139 1439 192 Gmppmo.
2154 153 2247 203 141

25 220 2242 247 Ἣ

285 305 431 357 [1127]
463 306 605 347 Literae
630 309 736 361 regis
761 310 1086 355 Cnmsropnom
1121 315 1216 369 (leg.
1240 313 1404 368 Eruci),
1435 314 1583 368 quibus
1603 320 1722 364 vetat,
1744 332 1792 359 ne
1816 320 1924 359 cives
1950 319 2239 364 Nestvctcnses
2311 328 2426 370 1265.

24 373 179 416 aliunde
207 373 284 414 sibi
312 377 500 430 recipiant
529 380 694 417 tutores.

414 446 507 490 Epit.
535 448 624 490 apud
649 450 837 492 Langcbck
862 451 1001 497 Scriptt.
1026 456 1088 488 IV.
1112 455 1193 490 339.

115 577 133 582 ·
1061 577 2433 645 1266.1266.

284 666 431 719 [1128]
491 667 719 716 Gmnoms,
763 670 874 711 sedis
913 675 1138 725 apostolica}
1182 676 1299 730 legati
1343 681 1382 718 et
1418 678 1520 717 tituli
1558 691 1592 718 s
1623 678 1824 720 Laurentii
1863 682 1899 720 in
1943 681 2094 723 Lucina
2133 698 2241 737 pres-
2267 686 2300 720 9·
2337 690 2478 723 Januur.

21 737 147 790 byteri
175 736 409 785 cardinalis,
445 737 667 787 decretum,
708 742 898 795 episcopo
927 742 1226 798 Raccburgensi
1256 748 1444 794 missum,
1488 762 1566 801 quo
1597 763 1735 788 omues
1765 754 2027 798 mercatores,
2072 768 2143 806 pro
2175 769 2237 795 ne·

21 807 303 860 gotiationibus
333 808 451 847 licitis
481 811 520 847 et
551 807 730 850 honestis
758 825 827 864 per
857 826 992 853 omnes
1023 817 1250 856 tcrminos‘
1255 817 1439 864 QDacm,
1470 818 1644 865 Sveciae‚
1674 820 1836 868 Slaviae‚
1866 821 2130 874 pomeranie,
2157 824 2240 864 Fri-

20 878 88 918 siae
116 881 162 917 et
183 877 340 917 Albiae’
369 877 445 917 sub
475 881 755 932 protectionem
786 882 896 922 sedis
926 886 1154 937 apostolicae
1191 890 1229 925 et
1266 887 1382 939 legati
1420 889 1711 942 suscipiuntur,
1756 895 1794 930 et
1833 893 2035 944 speciatim
2066 896 2100 933 si
2140 895 2240 935 sorte

19 948 266 1000 naufragium
294 949 408 1002 passi
438 953 598 995 essent,
637 954 718 990 tum
748 950 849 992 bona
880 967 1014 994 eorum
1053 970 1100 995 ex
1137 956 1340 1009 naufragio
1376 963 1533 998 servata
1571 961 1619 999 iis
1649 960 1711 1000 vel
1743 960 1968 1002 haeredibus
1997 963 2116 1003 libera
2146 979 2240 1005 esse

15 1018 226 1072 jubentur3
270 1018 569 1073 adjutoribus‘
574 1025 747 1074 ‘propter
776 1022 917 1062 deunf’
954 1024 1205 1078 indulgentiae
1241 1032 1397 1066 centum
1428 1028 1576 1069 dierum
1606 1032 1901 1082 promittuntur3
1944 1047 2131 1086 rapaces,
2178 1036 2238 1074 vel

19 1089 84 1142 qui
112 1092 223 1142 rapta
252 1091 427 1137 emerint,
456 1104 624 1143 poenam
654 1094 1068 1134 excommunicationis
1098 1098 1310 1138 incurrisse
1339 1097 1532 1138 dicuntur.
1572 1122 1626 1128 —
1663 1100 1833 1151 Lubclc,
1877 1103 1926 1141 V.
1957 1103 2048 1143 idus
2076 1105 2236 1144 Januar.

19 1159 234 1201 Clementis
263 1158 332 1199 lV.
361 1161 498 1214 pontif.
529 1175 630 1201 anno
661 1161 690 1201 1.

406 1232 541 1274 Dreyer
566 1230 664 1274 Spee.
690 1232 730 1265 de
754 1233 867 1267 naufr.
893 1245 925 1277 p.
950 1235 1235 1270 xxx—xxxi.
1281 1238 1472 1280 Langebek
1497 1239 1636 1284 Scriptt.
1660 1241 1759 1274 VIII.
1785 1241 1955 1276 431—32.

277 1304 434 1354 [1129]
491 1304 773 1345 Universitatis
823 1306 1008 1347 abbatum
1048 1308 1180 1349 Daciae
1224 1310 1503 1351 Cisterciensis
1557 1312 1702 1352 ordinis
1754 1318 2067 1370 transsumptum
2119 1318 2234 1360 hullae
2266 1331 2300 1364 8.
2326 1333 2460 1366 Martii.
2506 1350 2508 1353 ν

15 1373 225 1414 Alexandri
241 1373 308 1414 lv.
325 1389 438 1428 papae
461 1374 580 1425 (datae
603 1375 780 1422 Viterbii,
810 1376 877 1416 Vl.
895 1379 967 1417 cal.
985 1378 1090 1426 Julii,
1115 1381 1253 1433 pontif.
1269 1395 1370 1421 anno
1392 1383 1507 1422 tertio
1530 1394 1564 1422 o:
1590 1397 1651 1422 an.
1677 1384 1822 1431 1252),
1846 1399 1921 1438 qua
1948 1387 2070 1426 ordini
2089 1388 2234 1428 Cister-

15 1445 138 1485 ciensi
166 1445 413 1498 indulgetur,
456 1449 501 1485 ut
536 1445 586 1485 ad
623 1447 813 1486 collectas
848 1448 910 1487 vel
946 1449 1042 1488 alias
1071 1451 1298 1490 exactiones
1336 1452 1583 1504 praestandas
1615 1468 1689 1493 non
1726 1458 1924 1502 teneatur,
1968 1458 2003 1496 si
2033 1459 2069 1496 in
2110 1459 2234 1500 literis

15 1515 122 1556 sedis
151 1516 381 1569 apostolicae
410 1516 472 1555 vel
502 1516 722 1568 legatorum
751 1518 840 1569 ejus
866 1517 988 1571 hujus
1017 1519 1265 1571 indulgentiae
1295 1524 1334 1560 et
1365 1522 1512 1561 ordinis
1543 1522 1820 1564 Cisterciensis
1850 1526 1955 1566 nulla
1985 1527 2088 1568 facta
2118 1529 2234 1569 fuerit

16 1587 172 1626 mentio.
203 1608 254 1614 -—
283 1587 412 1641 Apud
440 1586 611 1635 Soram,
642 1600 780 1627 mense
808 1587 974 1635 Martio,
1004 1590 1040 1628 in
1071 1591 1246 1630 crastino
1277 1591 1480 1631 dominicae
1510 1591 1664 1632 Laetare
1694 1593 1929 1636 Jerusalem.

407 1657 597 1699 Langebek
623 1657 760 1700 Scriptt.
785 1659 883 1692 VIII.
908 1658 1100 1692 200—201.
1149 1660 1233 1693 Cod.
1258 1662 1393 1694 Esrom.
1420 1661 1481 1694 fol.
1506 1662 1694 1697 xxxnlb.

273 1728 431 1779 [1130]
491 1729 716 1770 Libertates
745 1731 870 1772 Emer
900 1734 1025 1784 regiS,
1056 1733 1153 1772 datae
1183 1733 1336 1773 civibus
1366 1734 1632 1787 Ripensibus‚
1663 1740 1751 1783 “ut,
1780 1736 2004 1792 uhi0unque
2030 1742 2129 1781 intra
2159 1746 2230 1782 ter·
2261 1750 2313 1785 15.
2338 1753 2469 1786 Martii,

11 1799 140 1839 minos
168 1800 277 1852 regni
307 1801 593 1852 negociationis
623 1815 747 1841 causa
776 1815 864 1841 cum
888 1804 974 1842 suis
996 1804 1255 1843 mercimoniis
1281 1803 1518 1851 devenerint,
1550 1805 1657 1846 liberi
1688 1820 1782 1846 esse
1806 1807 1974 1848 debeant
1997 1815 2036 1850 et
2059 1814 2231 1866 exempti

11 1871 170 1923 penitus
199 1883 222 1910 a
251 1870 450 1910 solutione
480 1870 671 1918 thelonei,
716 1872 1021 1925 Torffue-gield,
1051 1873 1348 1925 Strandwrag”,
1386 1888 1458 1914 nec
1489 1889 1587 1922 non,
1626 1881 1697 1916 “ut
1733 1878 1920 1931 quicquid
1951 1885 2158 1922 senatores
2189 1887 2228 1922 et

12 1940 198 1980 consules
227 1940 420 1981 dictorum
451 1942 629 1991 (civIum)
659 1943 777 1981 simul
807 1957 895 1981 cum
931 1943 1124 1982 advocato
1162 1944 1271 1995 regio
1307 1943 1451 1983 ibidem
1482 1945 1703 1986 faciendum
1733 1947 1991 1996 decreverint,
2036 1955 2159 1991 ratum
2189 1957 2229 1992 et

12 2009 170 2058 stabile,
214 2016 364 2051 remota
394 2025 732 2065 quorumcumque
766 2014 982 2052 concivium
1019 2013 1313 2059 reclamatione,
1358 2014 1583 2055 habeatur’'.
1615 2039 1666 2045 —
1702 2018 1830 2071 Apud
1862 2019 2036 2073 Nybnrq
2067 2024 2107 2061 in
2137 2037 2227 2064 con-

13 2082 128 2128 cilio,
171 2081 208 2120 in
239 2082 414 2122 secunda
445 2082 539 2122 feria
568 2084 745 2135 proxima
776 2087 869 2135 post
898 2084 1130 2123 dominicam
1160 2085 1378 2136 passionis.

402 2154 579 2197 Terpager
605 2153 701 2196 Ripae
727 2153 854 2187 Cimbr.
879 2165 911 2197 p.
936 2153 1107 2186 687—88.
1158 2155 1310 2197 'Interpru
1335 2155 1423 2187 Dan.
1450 2166 1504 2198 ap.
1532 2155 1702 2200 Galthen,
1740 2159 1863 2191 Beskr.
1891 2169 1946 2192 ov,
1976 2160 2064 2193 Bibe
2087 2172 2119 2204 p.
2147 2161 2225 2195 161.

268 2225 425 2276 [1131]
483 2226 648 2272 Literna,
693 2227 837 2279 quibus
872 2226 1030 2267 Enrcus
1068 2240 1135 2266 rex
1172 2227 1325 2267 villanis
1363 2227 1411 2267 (le
1447 2227 1687 2268 Nachschof
1715 2233 2018 2283 possessionem
2057 2236 2225 2286 “fortae'’
2249 2243 2304 2277 25.
2341 2247 2484 2289 Aprilis.

10 2297 219 2352 cujusdam
246 2301 286 2337 et
313 2298 441 2349 campi
472 2297 754 2348 Sigherszegsi
785 2298 999 2336 confirmat.
1027 2319 1081 2326 --
1109 2297 1361 2348 Nachscltof,
1393 2297 1542 2337 calend.
1572 2298 1670 2352 Maji
1701 2299 1786 2340 Vll.

401 2366 508 2400 Suhm
534 2367 626 2400 nist.
652 2368 692 2399 af
712 2368 861 2400 Danmk.
885 2368 931 2399 X.
956 2366 1036 2399 988.
1066 2367 1128 2399 cfr.
1155 2368 1218 2400 XI.
1246 2367 1323 2400 13⁷1.
1352 2367 1427 2400 170.

267 2428 423 2477 [1132]
481 2428 609 2468 Erucl
642 2429 843 2468 Danorum
873 2429 976 2480 regis
1007 2429 1188 2481 diploma,
1219 2442 1296 2481 quo
1326 2432 1505 2474 testatur,
1538 2428 1831 2477 Gudmnndum,
1863 2435 2092 2474 canonicum
2116 2436 2220 2476 Lun-
2246 2449 2303 2482 30.
2339 2451 2483 2494 Aprilis.

7 2498 188 2545 densam,
233 2512 280 2538 ex
323 2504 434 2552 parte
480 2499 645 2538 dominae
677 2499 807 2539 Luciae
841 2499 976 2538 matris
1015 2512 1119 2544 suae,
1160 2499 1307 2538 curiam
1345 2498 1540 2551 quandam
1574 2500 1687 2552 juxta
1724 2500 1885 2540 fratrum
1918 2502 2223 2547 praedicatorum

5 2567 280 2609 Lundensium
309 2570 541 2609 cimiterium
571 2571 708 2616 sitam,
753 2571 790 2608 in
820 2569 1027 2621 praesentia
1058 2581 1131 2606 sua
1170 2572 1210 2607 et
1244 2569 1385 2620 reginae
1413 2570 1550 2607 matris
1581 2583 1664 2608 suae
1693 2570 1870 2611 ecclesiae
1899 2572 2221 2616 Lundensi.sc0-

4 2641 134 2686 tasse;
177 2638 489 2694 (“praesentibus
532 2639 701 2678 dominis
743 2638 936 2679 Nicholao
989 2638 1184 2691 dapifero,
1239 2642 1277 2677 et
1318 2637 1509 2678 Matthaeo
1553 2639 1750 2692 quondam
1793 2640 1993 2694 dapifero'’
2043 2645 2219 2696 editum).

4 2729 56 2737 —
82 2708 279 2757 Roslcild,
308 2710 434 2764 pridie
463 2710 615 2748 calend.
646 2709 755 2763 Maji.

395 2779 575 2821 LilJegren
600 2779 826 2823 Diplomatar.
851 2781 993 2812 Svecan.
1019 2779 1046 2811 Ι.
1071 2788 1126 2810 no.
1150 2776 1230 2810 509.
1256 2788 1288 2820 p.
1315 2777 1489 2810 429—30.

263 2842 422 2892 [1133]
480 2842 622 2881 Literae
651 2841 963 2886 immanem„
994 2841 1134 2891 reginae
1163 2838 1386 2886 Danorum,
1418 2840 1465 2878 ad
1496 2838 1678 2879 abbatem
1711 2846 2024 2897 conventumque
2055 2845 2092 2884 in
2124 2835 2216 2893 Om,
2296 2859 2404 2899 Majo.

3 2910 52 2952 de
80 2911 211 2953 debita
239 2912 460 2954 obedientia
490 2913 680 2964 episcopo
713 2911 922 2952 Arusiensi
952 2910 998 2949 T.
1027 2908 1262 2963 praestanda.
1293 2930 1342 2937 -
1374 2910 1468 2949 Sine
1498 2923 1598 2949 anno
1630 2914 1668 2950 et
1698 2910 1773 2950 die.

393 2983 583 3024 Langebek
609 2982 751 3026 Scriptt.
777 2983 824 3014 V.
850 2979 1021 3013 290—91.

262 3043 408 3095 [1134]
468 3044 630 3089 Literae,
675 3043 820 3096 quibus
857 3042 1167 3082 MARGARFJTHA
1206 3040 1360 3092 regina,
1405 3062 1453 3069 —
1499 3041 1560 3080 cui
1604 3041 1727 3088 filius,
1770 3041 1914 3084 Ericus
1958 3060 2046 3093 rex,
2089 3050 2217 3087 terras
2261 3059 2313 3094 13,
2346 3061 2446 3103 Maji.

1 3109 205 3154 Esthoniae
229 3118 268 3154 ct
296 3114 479 3153 Wironiae
510 3113 559 3153 ad
590 3114 676 3152 dies
707 3114 793 3151 vitae
822 3113 950 3165 ipsius
979 3111 1268 3162 assignaverat,
1315 3132 1357 3140 -
1395 3110 1549 3151 civibus
1587 3110 1635 3151 de
1665 3111 1794 3153 Reval
1824 3113 2026 3156 libertates
2066 3121 2105 3156 et
2128 3118 2219 3170 jura

1 3179 248 3224 Lubecensia
277 3184 491 3225 confirmat.
522 3206 570 3212 —
602 3182 862 3230 Roschildls,
893 3181 957 3220 lll.
987 3181 1037 3219 id.
1069 3179 1178 3233 Maji.

392 3254 499 3287 Suhm
523 3253 615 3286 Hist.
642 3254 683 3285 af
702 3251 851 3285 Danmk.
877 3253 922 3286 X.
948 3251 1029 3284 988.
