2649 3686
775 134 930 184 Koxo
964 134 1255 185 Vmor-:man
1288 134 1582 184 ATrEnDAG.
2176 141 2273 189 265

328 304 485 354 [2214]
542 304 728 358 Epitome
757 306 953 347 literarum
984 309 1137 348 Mmm
1169 308 1370 348 Sveonum
1407 308 1534 359 regis,
1579 306 1723 361 quibus
1759 308 1890 346 onmia
1925 305 2027 346 bona
2066 307 2201 347 decani
2237 315 2275 348 et
2347 312 2462 352 1341.

67 373 227 427 capituli
256 372 566 414 Roschildensis
594 375 670 414 sub
699 379 983 428 protectionem
1014 392 1127 418 suam
1158 379 1383 432 specialiter
1411 377 1657 417 defendenda
1687 378 1876 429 suscipit,
1920 390 2135 430 omnesque
2165 376 2275 417 lilier-
2298 378 2354 410 ²8·
2375 381 2531 421 Augusti.

66 448 170 484 tates
198 448 240 484 et
266 445 472 497 privilegia
503 458 636 484 eorum
667 446 890 495 confirmat,
920 453 1115 500 quatenus
1146 448 1270 488 literis
1298 447 1526 501 patentibus
1553 461 1686 500 regum
1716 447 1850 486 Daciae
1879 447 2017 487 eadem
2047 447 2125 487 sibi
2154 448 2275 487 vindi-

66 528 154 555 care
181 518 364 568 possent.
394 536 443 542 —
474 514 748 562 Kalmorniae,
779 519 814 556 in
844 519 1023 571 profesto
1054 518 1329 558 decollationis
1356 517 1551 558 Johannis
1579 517 1776 571 baptistae.

459 585 677 628 Lagei-bring
701 590 787 620 Sven
813 588 921 621 nikes
947 588 1100 621 Historia
1126 589 1186 622 III.
1212 588 1291 621 201.

328 646 485 695 [2215]
543 646 670 695 Brcv,
713 649 875 689 udstedt
904 651 948 689 as
980 650 1150 691 lim-mx
1189 664 1240 702 og
1278 650 1435 697 Cum,
1479 649 1628 690 Grever
1664 649 1707 690 til
1744 648 1937 689 Holstcen
1976 662 2026 701 og
2062 648 2277 695 Stormarn,
2318 655 2346 687 Ι.
2372 657 2502 699 septbr.

65 716 302 766 Gmufflnn,
344 716 495 756 Junker
525 717 567 755 til
598 717 811 766 l-lolsteen,
854 719 1099 767 hannone,
1141 720 1382 772 Hertuginde
1413 720 1455 759 til
1486 720 1679 767 Sanusne,
1725 720 1884 771 Sverrig
1914 733 1964 771 og
1993 717 2182 765 Halland,
2226 732 2277 770 og

62 786 208 826 Halm:
239 786 518 834 Bnocwronr,
552 800 614 825 οηι
645 792 686 827 at
715 789 788 828 den
819 789 952 837 Tvist,
983 804 1068 829 som
1099 790 1226 829 havde
1250 793 1367 829 vaeret
1388 791 1541 829 mellenn
1567 790 1669 838 dem,
1700 790 1829 830 Greve
1851 789 1981 829 Johan
2007 789 2051 827 as
2073 789 2276 835 Holsteen,

63 857 267 898 Staederne
294 857 456 910 Lybek‚
488 857 665 904 Visniar,
697 858 855 898 Rostok
885 874 934 911 og
963 860 1197 912 Gripsvold,
1226 859 1378 911 Hertug
1406 860 1616 899 Valdcniar
1646 861 1685 899 til
1715 861 1886 912 Slcsvig,
1916 874 1965 911 og
1993 858 2111 911 Kong
2134 858 2276 898 Valde·

62 940 145 966 mar
174 927 219 966 as
241 927 440 967 Damnark
479 927 620 967 skulde
658 928 834 981 afgjiires
870 929 944 968 ved
973 929 1443 982 Voldgists-Kjendelser.
1486 953 1539 959 —
1581 930 1890 982 Kallundborq,
1936 928 2146 981 Siindagcn
2177 928 2276 967 ester

61 997 122 1037 St.
152 996 264 1037 Hans
292 997 488 1051 Baptistae
519 999 569 1046 (οι
601 997 878 1039 decollationis
905 999 1099 1038 Johannis
1127 999 1339 1052 baptistae).
1939 999 2271 1049 (Oversaettelse).

455 1067 626 1101 nvitfeldt
649 1070 771 1101 Danrn.
798 1069 903 1110 Riges
928 1071 1036 1102 Krtin.
1066 1081 1098 1113 p.
1131 1069 1209 1102 479.
1238 1069 1447 1112 (Qvartudg.
1473 1071 1569 1102 Tom.
1595 1069 1655 1102 III.
1690 1080 1722 1113 p.
1759 1069 1874 1113 4410.
1933 1069 2055 1111 Ogsaa
2079 1069 2142 1102 hos
2168 1069 2274 1101 sunm

457 1130 545 1163 nist.
571 1131 612 1162 af
631 1131 778 1164 Danmk.
802 1131 901 1163 XIII.
925 1132 1073 1165 35—37.

323 1191 480 1241 [2216]
540 1192 836 1231 Testamentum
866 1192 1063 1232 Imennms
1091 1191 1464 1240 Pmrnnsnorrnn,
1493 1193 1629 1231 uxoris
1659 1183 1779 1232 Olrici
1805 1192 1933 1232 Skast.
1957 1214 2005 1221 —
2032 1191 2274 1247 Syoburyis‚
2307 1193 2359 1225 13.
2385 1195 2517 1237 Septbr.

5 1287 9 1290 -
61 1260 240 1314 profesto
269 1262 526 1302 exaltationis
556 1266 702 1302 sanctae
733 1263 874 1301 crucis.

455 1332 689 1376 Pontoppidan
713 1333 851 1365 Annali.
877 1332 999 1366 eccles.
1024 1333 1110 1365 Dan.
1134 1332 1179 1365 11.
1208 1332 1283 1366 158.
1332 1333 1417 1366 cod.
1442 1333 1576 1366 Esrom.
1601 1331 1662 1364 fol.
1688 1332 1866 1365 CLXXII.

325 1394 482 1444 [2217]
539 1394 707 1442 Literae,
754 1394 899 1448 quIbus
928 1395 1106 1442 Swmvo,
1146 1394 1384 1433 Arusiensis
1413 1396 1650 1447 episcopus,
1691 1393 1900 1433 ecclesiam
1930 1392 2118 1440 Thweth,
2161 1406 2272 1431 acce·
2302 1400 2353 1433 15.
2379 1402 2509 1445 septbr.

61 1462 178 1503 dente
213 1464 373 1517 capituli
411 1468 452 1504 et
486 1464 813 1518 parochianorum
852 1478 1071 1511 consensu,
1114 1464 1328 1517 praelvendae
1358 1464 1612 1516 Biiirnstorp,
1656 1465 1719 1502 cui
1747 1467 1892 1516 praeest
1919 1463 2126 1503 Amandus
2154 1476 2269 1502 cano-

62 1535 176 1573 nicus
204 1534 461 1582 Arusiensis,
491 1535 675 1573 annectit.
705 1556 754 1563 —
785 1534 1019 1582 Roslse‘ldis,
1049 1536 1087 1573 in
1117 1538 1254 1574 octava
1284 1535 1501 1573 nativitatis
1530 1534 1567 1573 h.
1597 1533 1732 1574 M'ariae
1760 1534 1938 1585 virginis.

453 1604 642 1646 Langebek
667 1604 805 1648 Scriptt.
830 1604 894 1637 VI.
919 1604 1089 1637 498—99.

322 1665 480 1715 [2218]
539 1666 753 1706 Cam-rum
784 1666 1048 1706 Upsnmsm
1079 1665 1129 1705 ad
1156 1665 1315 1705 Petrum
1353 1665 1722 1717 “archiepiscopum
1751 1664 2005 1704 Lundensem
2037 1664 2266 1716 Sveciaeque

60 1736 291 1788 primatem”
315 1737 450 1785 literae,
480 1737 627 1789 quibus
650 1737 686 1776 ei
710 1736 920 1789 supplicat,
950 1740 992 1775 ut
1019 1736 1321 1788 Hemmingium,
1352 1749 1468 1789 quem
1497 1735 1710 1788 capitulum
1741 1736 1778 1774 in
1801 1735 1928 1774 locum
1952 1734 2058 1774 Petri
2080 1733 2267 1786 archiepi-

60 1807 174 1859 scopi
204 1807 269 1846 sui
300 1806 478 1847 defuncti
509 1807 701 1859 elegerat,
729 1807 955 1846 confirmare
984 1807 1091 1846 velit.

451 1875 542 1920 Epit.
568 1876 603 1910 in
626 1876 817 1911 Neumanni
842 1876 932 1910 nist.
958 1876 1121 1920 primatus
1146 1874 1340 1908 Lundensis
1364 1886 1397 1918 p.
1429 1875 1597 1908 177—-78,

1089 1987 1232 2036 1342.
2338 1999 2454 2040 1342.

322 2087 479 2137 [2219]
537 2087 751 2127 Decretum
783 2099 1003 2126 comsumm
1031 2085 1392 2131 SLESVICENSIUM,
1427 2087 1492 2130 ut,
1520 2083 1676 2136 quando
1705 2083 1851 2136 aliquis
1880 2083 2055 2135 ipsorum
2085 2083 2262 2119 mortuus
2288 2082 2344 2116 2-1.
2368 2084 2497 2117 Martii.

59 2156 196 2204 suerit,
238 2161 457 2197 ceterorum
488 2159 657 2211 quisque
696 2159 793 2197 infra
829 2170 1004 2196 mensem
1041 2169 1159 2194 unum
1197 2155 1423 2206 sterlingum
1462 2153 1593 2192 solvat
1620 2152 1670 2191 ad
1697 2154 1846 2192 missas
1876 2151 2100 2196 faciendas,
2143 2154 2262 2202 utque

59 2240 197 2267 omnes
235 2228 423 2267 consules
460 2229 599 2267 missis
629 2231 669 2268 et
705 2227 874 2279 vigiliis,
917 2226 1059 2279 quovis
1101 2238 1220 2271 anno,
1262 2224 1437 2277 proxima
1476 2223 1536 2262 die
1576 2223 1715 2262 seriata
1749 2226 1844 2274 post
1879 2221 2023 2260 festum
2067 2218 2260 2259 cathedrae

59 2295 166 2352 Petri
194 2310 266 2351 pro
296 2297 495 2337 defunctis
523 2297 757 2337 consulibus
786 2296 1050 2342 celebrandis,
1079 2295 1271 2334 intersint.
1300 2316 1350 2322 —
1381 2293 1590 2346 (Slesviq)
1620 2293 1815 2332 dominica
1843 2291 2070 2344 palmarum.

451 2367 683 2410 Pontoppidan
708 2367 844 2400 Annali.
870 2366 951 2399 eccl.
977 2367 1063 2398 Dan.
1088 2364 1130 2397 11.
1155 2375 1187 2406 p.
1216 2363 1290 2395 161.

321 2430 478 2479 [2220]
535 2428 815 2469 WALnEmanr
853 2429 959 2480 regis
994 2427 1113 2465 literae
1150 2425 1415 2478 protectoriae,
1457 2423 1557 2463 datae
1595 2423 1795 2462 canonicis
1829 2420 2173 2473 wibergensibus.
2209 2441 2262 2448 —
2308 2423 2363 2456 21.
2388 2424 2484 2464 Maii.

67 2497 294 2554 Wiberqis,
324 2503 439 2540 sexta
468 2499 563 2538 seria
592 2503 863 2552 pentecosteS.

454 2569 686 2612 Pontoppidan
711 2568 853 2602 Annali.
878 2567 961 2601 eccl.
985 2567 1070 2599 Dan.
1094 2567 1137 2599 11.
1163 2576 1194 2608 p.
1223 2563 1298 2596 160.

319 2631 475 2681 [2221]
532 2630 676 2670 Literae
706 2630 956 2670 Tuacxoms
985 2619 1262 2671 Dan-:Nasse'rv‚
1307 2620 1451 2677 quibus
1478 2622 1656 2662 Matthiae
1685 2621 1890 2675 Tyckssen
1922 2622 2076 2675 plenam
2107 2620 2257 2660 confert
2291 2629 2347 2662 22.
2378 2629 2484 2663 Junii.

56 2705 297 2754 potestatem
326 2701 533 2741 monachis
563 2701 600 2739 in
629 2699 786 2752 Logum
815 2713 888 2739 suo
918 2699 1072 2738 nomine
1101 2693 1323 2735 rescotandi
1362 2697 1402 2732 et
1429 2692 1662 2732 restituendi
1699 2694 1844 2731 curiam
1881 2693 1920 2731 in
1949 2691 2178 2743 Wiishierg.
2209 2710 2258 2718 -—

56 2771 262 2812 Sabbatho
290 2773 470 2825 proximo
500 2774 590 2810 ante
620 2770 766 2810 festum
795 2769 900 2809 beati
929 2767 1124 2807 Johannis
1152 2765 1347 2817 baptistae.

448 2841 637 2883 Langebek
661 2840 800 2883 Scriptt.
824 2838 922 2871 VIII.
947 2837 1002 2868 23.
1212 2872 1215 2879 1
1886 2882 1889 2892 V

318 2903 475 2952 [2222]
532 2902 802 2942 wunnmm
829 2901 1029 2939 Danorum
1059 2897 1343 2947 slavorumque
1372 2894 1479 2946 regis
1508 2897 1548 2933 et
1575 2893 1690 2933 ducis
1718 2892 1893 2931 Estoniae
1923 2891 2070 2938 literae,
2114 2888 2258 2943 quibus
2287 2896 2338 2929 10.
2360 2896 2516 2938 Augusti.

57 2971 324 3013 Sundensium
353 2973 558 3026 privilegia
587 2974 625 3011 in
655 2985 774 3023 regno
804 2984 876 3009 suo
906 2968 1126 3012 confirmat,
1155 2964 1288 3005 addito
1318 2964 1542 3016 privilegio,
1584 2966 1628 3001 ut
1659 2964 1730 3015 jus
1758 2961 1930 3001 habeant
1961 2962 2159 3013 proprium
2196 2958 2261 2998 ad-

39 3047 239 3082 -vocatum
270 3044 308 3082 in
338 3043 542 3082 Skanoore
571 3042 633 3081 vel
661 3040 864 3081 Drakoore
893 3037 1154 3081 constituere,
1198 3034 1263 3086 qui
1300 3046 1438 3072 omnes
1467 3046 1613 3072 causas
1640 3033 1814 3072 minores
1845 3031 2012 3084 judicet.
2056 3052 2105 3058 —
2151 3030 2261 3070 Ante

57 3120 237 3153 castrum
269 3111 602 3161 Caluudeborch,
633 3111 695 3150 die
723 3109 926 3148 Laurentii
956 3106 1138 3145 martiris.

450 3181 628 3215 sartorius
653 3179 781 3213 Gesch.
804 3178 834 3210 d.
860 3179 976 3210 Hanse
1000 3175 1052 3209 ed.
1076 3174 1250 3218 Lappenb.
1275 3174 1320 3207 II.
1345 3183 1399 3206 no.
1426 3169 1533 3206 emb.
1559 3182 1590 3214 p.
1614 3171 1693 3204 3⁷0.

319 3242 474 3291 [2223]
531 3242 674 3281 Literae
718 3241 961 3285 Swmoms,
1011 3237 1246 3276 Arusiensis
1288 3235 1494 3288 episcopi,
1544 3233 1688 3286 quibus
1729 3232 1850 3272 altare
1893 3231 2088 3285 quoddam
2131 3231 2256 3271 sancti
2284 3237 2336 3270 10.
2359 3236 2516 3279 Augusti.

57 3311 221 3364 spiritus
250 3314 431 3352 cantoriae
461 3312 642 3352 ecclesiae
670 3309 907 3349 Arusiensis
936 3307 1121 3346 annectit.
1151 3328 1203 3334 —
1232 3304 1448 3358 Alburqis,
1475 3303 1540 3343 die
1568 3303 1673 3343 beati
1702 3302 1904 3342 Laurentii
1932 3303 2128 3354 martyris.

450 3381 636 3423 Langebek
661 3379 799 3423 Scriptt.
827 3378 886 3410 VI.
912 3377 990 3410 477.

125 3444 255 3481 aegest.
275 3445 352 3473 Dan.
373 3445 395 3474 1.
1606 3490 1610 3492 ,
1756 3458 1761 3463 ·
1947 3435 1998 3476 34
