2649 3686
168 295 287 336 1318.

128 365 180 399 11.
204 364 326 398 Novbr.

175 569 293 610 1319.

151 655 313 688 Februar-

149 1059 162 1090 1
175 1059 202 1090 1.
212 1057 327 1102 maji.

145 1538 193 1568 ιτ.
228 1535 324 1576 Maji.

142 1803 193 1835 24.
220 1803 313 1844 Maji.

198 2418 272 2447 ante

143 2472 194 2502 27.
228 2472 325 2513 Maji.

149 2755 202 2785 27.
235 2755 333 2796 Maji.

153 3098 208 3128 28.
235 3096 338 3129 Junii.

352 122 452 173 224
776 107 778 110 ,
1140 113 1295 161 ΚοΝσΓ
1331 108 1463 157 Eam
1495 107 1732 154 Mssxvnn.

355 193 2567 219 w

357 309 464 335 mars
504 293 635 334 Maend
680 305 730 344 og
771 290 953 341 Sverrigs
994 288 1097 339 Rige
1140 296 1216 337 paa
1255 281 1330 320 den
1373 278 1500 318 auden
1545 277 1643 316 Side
1686 275 1906 328 indgaaede
1948 275 2111 327 Forliig.
2151 296 2200 303 —
2241 274 2466 324 Roslcilde,
2508 278 2568 319 St.

360 365 540 406 Mortens
568 364 667 415 Dag.
1209 402 1218 413 .
2233 345 2567 397 (Oversaettelse).

751 428 917 463 nvitfeldt
942 428 1062 460 Danm.
1086 424 1193 466 Riges
1216 422 1321 454 Kron.
1347 429 1379 462 p.
1404 417 1554 450 406—7.
1580 415 1789 460 (Qvartudg.
1816 416 1856 447 Τ.
1881 414 1942 448 111.
1970 425 2002 458 p.
2027 414 2140 458 287.)-

1383 532 1529 581 1319.

618 642 771 692 [1858]
826 640 1217 680 anncfflnm,
1248 641 1670 671 Aueninmscoponnm
1694 633 1734 668 et
1760 640 2052 667 EPlSCOPORUM
2077 626 2336 680 complurium
2362 627 2570 670 Avuvionss

363 726 736 756 coxonnGATontm
780 711 919 754 literae,
963 704 1105 758 quibus
1150 701 1402 755 quadraginta
1443 701 1531 740 dies
1569 699 1617 739 de
1655 699 1912 752 poenitentiis
1948 698 2138 750 injunctis
2177 698 2226 736 iis
2262 698 2463 746 relaxant,
2506 701 2571 753 qui

365 787 481 825 variis
497 785 616 824 festis
640 781 845 821 ecclesiam
870 779 906 816 in
925 776 1062 825 Scorp,
1092 772 1154 810 vel
1176 772 1324 810 missas
1341 770 1394 809 ibi
1424 770 1553 809 factas
1582 773 1623 808 et
1652 769 1843 821 exequias
1873 768 2206 820 frequentaverint
2227 768 2288 806 vel
2314 768 2363 806 ad
2387 768 2572 810 fabricam

367 856 544 894 ecclesiae
573 865 711 891 manus
739 846 978 902 porrexerint
1005 843 1235 895 adjutrices.
1266 863 1316 868 —
1347 841 1560 887 Avimtm„
1589 853 1729 879 mense
1757 837 1983 885 Februarii,
2011 852 2113 877 anno
2142 837 2423 877 MCCCXVII.
2448 842 2572 892 ponti-

365 926 465 964 ficat.
496 924 640 963 domini
669 919 861 960 Johannis
889 916 1023 964 (anno)
1054 912 1181 950 tertio.

747 985 976 1028 Pontoppidan
1002 982 1136 1015 Annall.
1164 981 1247 1013 eccl.
1272 982 1358 1012 Dan.
1385 980 1430 1012 II.
1456 992 1488 1023 p.
1517 979 1593 1011 118.
1642 979 1717 1011 Cfr.
1744 979 1848 1011 Suhm
1873 977 1965 1010 Hist.
1991 979 2033 1010 af
2051 978 2198 1010 Danmk.
2223 978 2286 1009 XI.
2311 978 2483 1012 843—44.

620 1051 773 1100 [1859]
831 1048 949 1099 Fyrst
977 1045 1146 1084 Has-Ru<
1176 1043 1220 1082 af
1245 1042 1504 1094 Meklenhorg
1531 1041 1741 1086 hevidner‚
1779 1045 1820 1080 at
1849 1040 1917 1079 der
1946 1040 2103 1079 mellem
2132 1039 2223 1078 ham
2255 1054 2304 1092 og
2332 1040 2451 1093 Kong
2477 1041 2573 1082 Erik

362 1126 406 1165 as
428 1122 621 1165 Danmark
648 1134 722 1174 paa
758 1119 832 1157 den
864 1131 934 1155 ene
965 1114 1061 1153 Side
1099 1127 1148 1165 og
1176 1113 1332 1164 Biskop
1369 1112 1543 1151 Herman
1581 1111 1626 1150 af
1655 1112 1814 1150 Zwerin
1849 1123 1925 1163 paa
1970 1110 2045 1148 den
2083 1109 2209 1149 auden
2249 1124 2290 1149 er
2327 1115 2498 1163 oprettet
2534 1116 2574 1151 et

360 1196 507 1246 Forliig
544 1190 768 1244 angaaende
804 1186 1058 1239 Krigshjelp,
1102 1198 1189 1223 som
1228 1182 1416 1222 Parterne
1453 1181 1652 1236 gjensidig
1688 1181 1872 1233 sorpligte
1909 1180 1970 1232 sig
2005 1180 2050 1219 til
2079 1184 2120 1218 at
2147 1180 2225 1232 yde
2254 1180 2470 1229 hinanden,
2511 1196 2573 1222 om

360 1264 544 1315 Betaling
574 1262 617 1301 af
639 1260 743 1299 hvad
772 1258 820 1297 de
849 1271 942 1295 vare
970 1256 1123 1307 Bispen
1154 1253 1350 1306 skyldige,
1381 1257 1485 1291 samt
1514 1266 1577 1291 om
1604 1251 1716 1303 nogle
1741 1250 1909 1290 Tiender
1938 1264 1988 1302 og
2017 1249 2135 1289 andre
2161 1250 2435 1298 Eiendomme,
2464 1251 2576 1291 hvor-

362 1348 437 1387 paa
467 1332 591 1384 begge
620 1330 757 1370 Par-ter
794 1327 929 1381 gjorde
958 1325 1162 1376 Fordring.
1193 1345 1242 1351 —-
1269 1323 1602 1377 Reynerstorpe,
1633 1322 1706 1361 des
1745 1321 1970 1374 vrydaghes
1999 1334 2048 1359 na
2079 1325 2195 1360 sunte
2224 1321 2418 1360 ,Iohannis
2448 1321 2574 1374 daghe

361 1403 638 1456 ewangelisten
667 1403 757 1439 ante
784 1401 937 1451 portam
966 1395 1164 1434 Latinam.
2315 1390 2573 1443 (Plattydsk).

747 1467 855 1501 Lisch
880 1463 1232 1498 Urkunden-Samml.
1257 1474 1318 1496 zur·
1344 1463 1470 1495 Gesch.
1496 1463 1555 1495 des
1583 1461 1721 1495 Geschi.
1747 1472 1812 1494 von
1838 1460 2019 1493 Maltzahn
2045 1460 2073 1492 Ι.
2101 1460 2274 1493 291-93.

617 1531 772 1580 [186Ο.]
828 1528 947 1567 Erum
978 1528 1083 1578 regis
1112 1526 1253 1572 literae,
1299 1525 1444 1578 quibus
1473 1528 1608 1563 notum
1639 1523 1752 1570 facit,
1798 1523 1904 1575 quod
1933 1522 2103 1561 villanos
2132 1522 2363 1562 Hasneuses
2392 1523 2441 1562 ab
2472 1526 2574 1564 omni

358 1604 552 1644 solutione
582 1603 673 1641 novi
703 1600 839 1639 telonii
868 1598 1062 1637 hactenus
1093 1597 1264 1635 instituti
1293 1595 1441 1634 liberos
1471 1594 1632 1633 dimittit
1660 1597 1700 1632 et
1729 1597 1946 1632 excusatos
1976 1597 2016 1632 et
2045 1596 2266 1645 exemptos.
2297 1615 2346 1621 —-—
2387 1594 2573 1648 Vortiveq-

361 1675 480 1727 borq,
509 1674 573 1713 die
604 1671 855 1712 ascensionis
886 1668 1045 1706 domini.

747 1739 978 1782 Pontoppidan
1005 1736 1128 1778 Origg.
1153 1736 1258 1769 Hafn.
1283 1747 1318 1779 p.
1342 1735 1492 1768 65—66.
1540 1735 1615 1767 cfr.
1641 1733 1811 1766 Hvitfeldt
1836 1731 1958 1765 Danm.
1986 1732 2095 1774 Riges
2121 1734 2229 1766 Kriin.
2256 1745 2287 1777 p.
2313 1733 2391 1765 408.

620 1803 776 1852 [1861]
834 1800 1085 1840 lacon-antu
1118 1811 1268 1838 TERRAE:
1299 1797 1626 1836 Boanxnssnomr
1656 1796 1796 1841 literae,
1827 1794 1972 1847 quibus
2002 1799 2210 1842 testantur,
2240 1809 2285 1834 se
2314 1795 2419 1846 regis
2440 1794 2576 1834 Daniae

364 1875 471 1914 Erici
502 1874 688 1914 auxilium
719 1876 852 1912 contra
883 1870 1153 1910 crudelitatem
1182 1868 1326 1920 Esgeri
1356 1867 1646 1919 archiepiscopi
1675 1865 1906 1904 Lundensis
1936 1869 1976 1904 et
2004 1865 2199 1904 fautorum
2231 1867 2341 1918 ejus,
2377 1865 2578 1904 hominum
2642 1867 2649 1870 “

364 1961 386 1986 a
414 1960 532 1998 regno
562 1945 697 1984 Daniae
734 1943 1003 1988 Munitorum,
1047 1940 1306 1993 implorasse,
1345 1952 1393 1977 ne
1430 1939 1467 1976 in
1499 1938 1729 1975 servitutem
1773 1940 2045 1974 extraneorum
2074 1940 2305 1988 perpetuam
2334 1934 2575 1986 redigantur,

360 2020 400 2055 et
430 2029 452 2054 a
481 2015 742 2068 possessione
773 2013 952 2052 ecclesiae
982 2010 1215 2050 Lundensis
1244 2008 1533 2055 abalienentur3
1561 2007 1896 2060 pollicenturque,
1927 2019 1972 2044 se
2002 2006 2085 2057 regi
2116 2010 2308 2058 perpetuo
2339 2005 2575 2053 servituros,

360 2087 485 2125 donec
513 2099 582 2138 pro
613 2085 803 2137 expensis
833 2084 870 2122 in
901 2082 1089 2122 auxilium
1120 2093 1254 2119 eorum
1284 2078 1401 2118 sactis
1432 2079 1466 2116 ei
1498 2077 1747 2116 satisfactum
1779 2076 1908 2115 fuerit.
1939 2098 1988 2103 —
2022 2075 2346 2125 Bormzdeleolm,
2376 2076 2413 2114 in
2442 2074 2577 2113 ῩΙΙΙνα

361 2156 608 2195 ascensionis
638 2154 797 2193 domini.
1195 2196 1199 2203 ἱ

751 2223 917 2256 Hvitfeldt
950 2224 1072 2255 Dnnm.
1097 2220 1204 2262 Riges
1230 2221 1337 2253 Κι-ὓῐι.
1361 2230 1393 2262 p.
1419 2217 1499 2251 409.
1534 2217 1605 2261 (ed.
1639 2216 1673 2249 in
1706 2217 1739 2249 4.
1773 2219 1811 2249 T.
1846 2216 1908 2248 ΙΙΙ.
1931 2227 1962 2259 p.
1988 2215 2104 2259 2740.
2164 2218 2311 2249 Pontan.
2340 2218 2439 2249 Rerr.
2464 2217 2574 2249 Dann.

748 2285 841 2318 nist.
875 2285 969 2317 Libr.
1005 2284 1083 2316 VII.
1117 2294 1148 2325 p.
1166 2268 1259 2315 ι426.
1317 2280 1457 2313 Thurah
1483 2281 1605 2312 Beskr.
1630 2288 1682 2312 ov.
1709 2278 1891 2311 Bornholm
1916 2290 1947 2321 p.
1972 2277 2121 2310 205—6.
2181 2279 2413 2322 Pontoppidan
2437 2278 2574 2311 Annall.

753 2347 876 2380 eccles.
904 2349 991 2379 Dan.
1017 2346 1060 2378 11.
1090 2345 1164 2377 121.

623 2409 768 2460 [1862]
828 2409 1028 2460 obligatio
1061 2418 1287 2445 roxscum
1318 2417 1458 2451 ATQFF}
1498 2415 1648 2442 cmmu
1690 2405 1759 2442 “ix
1803 2403 2015 2449 Smswnr,
2059 2416 2103 2441 ιλ·
2140 2402 2421 2442 FLnNsssnRGH
2451 2415 2504 2441 ΕΤ
2534 2414 2575 2441 m

362 2481 673 2522 HA-rnnasfflp’*
704 2480 753 2518 ad
784 2478 996 2518 solvendas
1028 2476 1192 2516 CCCCC
1222 2488 1376 2514 marcas
1406 2473 1653 2512 denariorum
1679 2473 1930 2512 Slavicalimn
1959 2487 2029 2526 pro
2058 2476 2169 2524 parte
2193 2472 2436 2511 waldemari
2462 2472 2575 2512 ducis

363 2553 477 2592 Jutiae
512 2551 561 2590 ad
599 2550 784 2589 consules
821 2553 860 2587 et
895 2548 1114 2600 burgenses
1153 2544 1547 2598 Grypstwoldenses.
1614 2542 1805 2589 Termini,
1850 2542 1994 2596 quibus
2032 2541 2221 2581 solvenda
2266 2547 2349 2581 erat
2391 2543 2574 2596 pecunia,

367 2622 552 2661 destinati
581 2624 692 2660 sunt:
722 2620 868 2658 festum
897 2621 1153 2671 pentecostes
1182 2614 1469 2654 M.CCC.X1X.
1500 2617 1539 2652 et
1567 2612 1859 2652 M.CCC.XXI.
1884 2634 1933 2640 -
1964 2613 2060 2651 Sine
2089 2625 2205 2651 anno.

756 2689 947 2721 Michelsen
973 2685 1356 2725 Urkundensammlung
1380 2684 1424 2715 II.
1450 2694 1504 2715 no.
1529 2683 1698 2716 XXXIX.
1724 2695 1755 2726 p.
1780 2682 1927 2715 41—42.

631 2751 784 2799 [1863]
844 2751 1038 2795 Has-ruci,
1084 2749 1230 2786 domini
1267 2745 1595 2798 Magnopolensis
1633 2749 1672 2784 et
1710 2744 2010 2796 Stargardensis
2046 2743 2266 2795 assignatio
2301 2744 2351 2783 ad
2375 2745 2575 2786 .c0nsules

369 2821 645 2867 Lubecenses,
691 2825 733 2859 ut
769 2822 974 2872 pecuniam
1014 2818 1091 2857 sibi
1129 2832 1150 2856 a
1179 2817 1316 2856 Daniae
1353 2829 1444 2867 rege
1481 2815 1727 2867 deputatam,
1772 2808 1886 2866 quam
1925 2814 1962 2851 in
1998 2814 2176 2865 proximo
2214 2813 2318 2852 sesto
2357 2815 2574 2854 nativitatis

371 2890 562 2928 Johannis
592 2890 772 2941 baptistae
804 2904 962 2940 crogare
992 2892 1214 2933 tencantur,
1259 2885 1490 2924 concivibus
1520 2886 1605 2923 suis
1636 2883 1870 2923 Ghodekino
1901 2881 2114 2936 Vrechupp
2144 2886 2183 2922 et
2211 2883 2371 2923 Henrici
2408 2884 2458 2923 de
2485 2884 2575 2924 Kal-

373 2973 504 2997 meren
533 2958 753 2997 haeredibus
783 2972 827 2996 ac
858 2960 980 2996 sociis
1011 2972 1144 2997 eorum
1176 2957 1330 2995 solvere
1359 2955 1493 2994 velint.
1525 2977 1573 2982 —
1606 2953 1648 2992 In
1680 2953 1782 2992 sesto
1811 2956 2082 3004 pentecostes.

764 3026 937 3059 §artorius
964 3028 1089 3059 Gesch.
1117 3028 1148 3059 d.
1175 3029 1290 3058 Hansc
1316 3026 1366 3058 ed.
1390 3025 1565 3068 Lappenb.
1590 3023 1634 3055 ΙΙ.
1661 3033 1715 3055 no.
1742 3023 1907 3055 CXVIle.
1932 3033 1965 3063 g.
1990 3034 2022 3065 p.
2047 3022 2126 3054 244.

633 3087 774 3137 [1864]
832 3087 995 3134 Limne,
1039 3088 1182 3141 quibus
1211 3087 1423 3126 Nicomns
1455 3098 1599 3125 merus
1629 3083 1783 3123 Tonnffi
1824 3087 1863 3122 et
1892 3083 2036 3122 Gwmr,
2072 3097 2168 3122 uxor
2207 3086 2297 3138 ejus
2336 3086 2574 3125 monasterio

377 3159 412 3196 in
442 3156 653 3196 Ebbleholt
681 3156 781 3195 bona
812 3157 985 3208 quaedam
1016 3158 1230 3196 conserunt.
1261 3179 1309 3185 —
1342 3155 1578 3204 Ebblellolt,
1610 3153 1738 3206 vigilia
1769 3166 1858 3207 app.
1889 3152 1995 3193 Petri
2026 3158 2066 3193 et
2094 3153 2217 3193 Pauli.

768 3226 951 3268 Langebek
977 3228 1112 3270 scripte.
1139 3227 1200 3259 Vl.
1231 3226 1304 3259 169.
