2649 3686
59 209 63 213 .
871 151 1027 202 Koxo
1061 153 1192 203 Emi<
1228 155 1465 205 MENVED.
2184 169 2279 218 169

59 233 2282 264 Ἣ

61 317 210 358 Grever
238 317 283 356 af
306 316 588 371 Meklenborg,
618 319 707 360 love
738 321 795 361 sor
825 322 978 376 Hertug
1006 326 1218 367 Valdemar
1246 328 1291 369 af
1315 329 1667 382 Sonder-Jylland,
1710 334 1749 370 at
1778 330 1854 371 han
1884 333 1971 372 skal
2002 334 2139 383 holde,
2180 337 2281 378 hvad
2355 343 2470 384 1286,

61 387 137 428 han
167 388 177 427 i
208 387 261 427 sit
290 386 676 440 Forpligtelsesbrev
707 392 748 430 til
780 392 897 445 Kong
927 394 1023 435 Erik
1062 397 1108 436 af
1137 397 1339 438 Danmark
1377 401 1463 450 (see
1501 401 1664 440 ovensor
1693 400 1760 440 Nr.
1796 402 1928 454 1367.)
1971 404 2042 443 har
2086 406 2284 459 sorpligtet
2309 410 2364 443 20·
2398 413 2537 455 Aprilis-

59 459 124 510 sig
150 457 207 497 til.
235 479 290 487 —
317 457 510 512 Lybeck,
541 458 630 498 Xll.
659 461 807 501 calend.
839 463 948 517 Maji.
1784 472 1936 526 (Nyere
1967 474 2281 527 Oversaettelse).

453 529 621 562 Hvitseldt
647 531 767 565 Danm.
793 534 899 575 Rigas
925 536 1033 569 Kron.
1058 548 1090 580 p.
1116 537 1288 572 289—91.
1800 586 1801 590 Ἰ

319 589 478 639 [1369.]
537 591 680 632 Literae
710 607 901 635 currum
931 599 1186 639 Anusnmsrs
1215 601 1412 648 ecclesioe,
1456 601 1602 655 quibus
1632 603 1818 650 indicat„
1842 603 2064 646 Johannem
2094 610 2281 661 praeposi·
2334 615 2361 648 Ι.
2395 617 2493 658 Maji.

48 662 137 699 'tum
167 657 216 699 de
243 658 561 713 Himbaersysael‚
592 664 820 704 canonicum
850 667 1123 715 Arusiensem,
1155 670 1313 710 domum
1343 672 1540 724 quandam
1566 673 1760 727 lapideam
1786 676 1878 714 usui
1904 677 2101 716 communi
2127 680 2280 717 canoni-

57 743 209 777 corum,
252 734 382 783 “quos
426 731 606 771 infirmari
649 747 720 786 pro
764 739 939 789 tempore
976 741 1259 793 contingeret'’‚
1305 741 1537 795 deputasse.
1580 765 1629 773 —-
1671 745 1815 794 Aras„
1859 746 1896 785 in
1935 746 2038 786 festo
2074 746 2279 787 beatorum

55 799 321 853 apostolorum
351 801 525 854 Philippi
556 806 594 841 et
621 803 774 842 Jacobi.

450 873 639 914 Langebek
665 874 803 917 Scriptt.
829 877 892 909 VI.
918 877 996 910 415.

319 932 475 983 [1370]
534 934 651 974 Eruci
683 937 789 988 regis
820 938 957 984 literae,
997 939 1142 993 quibus
1172 942 1374 983 confirmat
1400 945 1646 998 privilegium
1677 947 1894 1000 episcopos
1932 948 2119 1001 eligendi,
2164 954 2277 990 antea
2309 958 2360 991 17.
2381 961 2539 1002 Augusti.

57 1001 188 1042 datum
217 1003 391 1056 capitulo
421 1007 548 1044 sancti
578 1005 727 1044 Kanuti
758 1006 1025 1048 Otthoniensi.
1057 1032 1107 1038 —
1141 1013 1369 1063 Otthom‘oe,
1398 1019 1536 1055 octava
1567 1015 1603 1055 b.
1633 1015 1834 1056 Laurentii
1864 1020 2063 1072 martyris.

451 1075 685 1118 Pontoppidan
709 1078 847 1110 Annall.
876 1079 957 1111 eccl.
983 1081 1068 1113 Dan.
1092 1082 1120 1114 1.
1146 1093 1178 1124 p.
1204 1084 1284 1116 758.

317 1135 473 1185 [1371]
531 1136 750 1177 JOHANle
781 1139 1071 1194 archiepiscopi
1100 1142 1330 1184 Lundensis
1360 1144 1553 1198 diploma,
1597 1161 1674 1201 quo
1713 1151 2032 1197 conventionem,
2077 1152 2176 1192 inter
2202 1151 2276 1192 Pe·
2301 1163 2359 1196 29.
2385 1165 2518 1207 septbr.

55 1207 155 1244 trum
198 1205 429 1259 episcopum
475 1206 762 1259 vibergensem
809 1213 847 1248 et
889 1212 1106 1251 monachos
1156 1228 1203 1252 ex
1242 1213 1475 1256 Viteschola
1512 1231 1632 1271 super
1675 1219 1921 1272 impetitione
1955 1222 2060 1274 juris
2098 1223 2278 1276 episcopi

55 1272 196 1315 factam
225 1276 441 1317 confirmat.
470 1299 524 1305 —
552 1278 662 1326 Aos,
694 1279 729 1317 in
759 1279 851 1330 (leg.
883 1279 964 1329 Ill.)
995 1282 1142 1321 calend.
1175 1282 1339 1323 Octobr.

448 1348 537 1380 Dan.
574 1347 736 1382 Biblioth.
771 1350 833 1383 V1.
870 1350 1036 1386 175-76,
1093 1353 1168 1386 Cfr.
1200 1356 1341 1388 Danske
1375 1357 1512 1398 Magaz.
1544 1357 1571 1390 Ι.
1614 1358 1691 1391 145.
1727 1361 1797 1393 not.
1832 1371 1865 1404 p.
1920 1361 2026 1394 Suhm
2052 1361 2206 1396 Historie
2241 1364 2282 1396 at*

447 1410 597 1443 Danmk.
623 1411 668 1445 X.
693 1410 773 1443 927.

317 1470 465 1522 [1372]
497 1472 836 1520 WAnuemAaus,
890 1474 967 1514 (lux
1003 1475 1138 1522 Jutiae,
1183 1476 1335 1516 civibus
1379 1478 1715 1521 Sleswicensibus
1759 1495 1921 1522 censum
1958 1497 2152 1532 annuum,
2197 1487 2275 1541 By·
2301 1498 2356 1530 30.
2388 1499 2513 1531 Novbr.

50 1540 172 1592 qiald
198 1539 365 1588 dictum,
395 1542 661 1596 Arneyyald,
693 1543 886 1597 Arfflso'p,
917 1552 955 1584 et
987 1545 1085 1585 alias
1110 1547 1339 1586 exactiones
1364 1549 1535 1588 remittit.
1565 1572 1620 1580 —-
1651 1551 1728 1591 Die
1758 1551 1862 1591 beati
1891 1553 2060 1593 Andreae
2093 1558 2277 1609 apostoli.

448 1613 561 1645 Noodt
585 1614 748 1655 Bcitriige
770 1616 796 1647 Ι.
824 1626 855 1658 p.
884 1615 1052 1648 168—70.

316 1672 465 1725 [1373]
524 1675 740 1722 Aexnms,
770 1675 973 1716 Danorum
1004 1677 1289 1730 Slavorumque
1319 1679 1516 1731 quondam
1545 1683 1708 1732 reginae,
1752 1687 1791 1722 et
1820 1683 1983 1723 dominae
2013 1684 2190 1726 Estoniae
2226 1688 2275 1726 ad
2301 1691 2356 1725 26.
2391 1692 2512 1726 Decbr.

55 1741 253 1782 dominum
281 1742 519 1797 Eylardum,
551 1744 786 1784 advocatum
817 1760 951 1792 suum,
989 1748 1024 1786 in
1056 1747 1217 1787 Revalia
1248 1749 1385 1795 literae,
1430 1753 1473 1788 ut
1502 1750 1654 1792 civibus
1683 1752 1989 1794 Lubecensibus
2018 1754 2122 1795 bona
2148 1756 2278 1797 ablata

54 1814 91 1852 in
119 1813 278 1866 plenum
308 1815 501 1854 restituat.
531 1837 585 1843 —-
613 1815 891 1870 Nlllfblffnylt,
922 1817 985 1856 die
1014 1818 1204 1871 Stephani
1233 1821 1546 1873 protomartyris.

449 1886 626 1919 sartorius
652 1888 779 1921 Gesch.
806 1888 837 1921 d.
864 1890 982 1921 Hanse
1007 1887 1059 1921 ed.
1084 1889 1322 1932 Lappenberg.
1348 1890 1392 1923 11.
1418 1899 1476 1923 no,
1499 1891 1629 1925 LXIII.
1654 1903 1686 1937 p.
1715 1891 1792 1926 147.

1084 2000 1231 2050 1287.
2345 2025 2464 2066 1287.

314 2097 471 2147 [1:374]
529 2097 657 2137 Emer
686 2098 888 2138 Danorum
917 2098 1203 2151 slavorumque
1232 2099 1336 2150 regis
1365 2101 1405 2137 et
1432 2098 1629 2138 AGNETJS
1660 2101 1794 2140 matris
1824 2115 1927 2149 suae,
1970 2104 2183 2144 eorundem
2212 2118 2268 2144 re·
2292 2109 2325 2143 2.
2351 2111 2521 2144 Januarii.

52 2170 169 2220 ginae,
198 2168 389 2222 diploma,
432 2182 508 2221 quo
539 2168 844 2208 Lubecensibus
874 2170 1020 2220 gratias
1057 2172 1199 2220 agunt,
1238 2168 1344 2221 quod
1375 2169 1576 2208 occisores
1606 2168 1711 2208 Erici
1749 2173 1853 2236 regis
1883 2174 1919 2211 in
1957 2174 2152 2213 civitatem
2196 2188 2271 2214 non

53 2240 322 2293 excepissent,
352 2239 493 2278 deinde
522 2240 727 2292 privilegia
757 2240 807 2278 iis
837 2244 951 2278 antea
987 2252 1179 2278 concessa
1215 2239 1444 2277 confirmant
1481 2241 1520 2277 et
1556 2239 1815 2292 amplificant,
1857 2245 1895 2280 et
1937 2243 1974 2282 in
2012 2245 2147 2296 specie
2183 2258 2273 2297 pro-

52 2309 303 2356 mittunt,'se
333 2314 560 2356 curaturos,
591 2314 634 2349 ut
666 2311 768 2350 bona
801 2309 1005 2360 naufraga,
1037 2323 1121 2361 quae
1152 2310 1188 2347 in
1217 2308 1396 2347 Wironia
1425 2309 1615 2361 injuriose
1645 2316 1834 2362 occupata
1864 2312 2053 2359 fuissent,
2082 2314 2132 2353 iis
2163 2315 2274 2353 resti-

56 2382 224 2419 tuantur.
255 2402 306 2408 —-
337 2379 665 2433 Helsinqburqlz,
696 2381 732 2418 in
764 2383 902 2418 octava
932 2378 1123 2430 Stephani
1153 2378 1467 2430 protomartyris.

446 2450 624 2483 sartorius
652 2450 780 2483 Gesch.
807 2450 838 2482 d.
865 2451 978 2481 Hanse
1005 2448 1055 2480 ed.
1081 2448 1317 2490 Lappenberg.
1341 2448 1386 2480 ΙΙ.
1414 2457 1470 2480 no.
1496 2448 1607 2480 LXV.
1633 2459 1664 2492 p.
1693 2448 1861 2483 150-51.
1918 2452 1993 2484 Cfr.
2019 2462 2074 2485 no,
2103 2452 2201 2485 1389.

317 2511 465 2563 [1375.]
523 2511 746 2552 JoquNis
777 2511 1020 2551 TuscimAM
1052 2510 1240 2562 episcopi,
1271 2509 1388 2560 legati
1417 2508 1528 2548 sedis
1558 2510 1799 2562 apostolicae,
1831 2516 1991 2559 statuta,
2027 2514 2193 2553 maxime
2223 2514 2271 2553 (le
2301 2519 2353 2552 18.
2378 2520 2510 2552 Martii.

53 2581 173 2630 rebus
201 2583 510 2631 ecclesiasticis,
541 2583 576 2621 in
609 2582 774 2621 concilio
804 2579 1079 2633 Herbipolensi
1108 2579 1231 2625 edita,
1261 2583 1301 2618 et
1330 2580 1452 2618 missa
1483 2583 1577 2631 “per
1606 2584 1739 2632 partes
1769 2580 2028 2630 Alemanniae,
2057 2583 2272 2630 Bohen1i;n‚

53 2652 202 2693 Discum
232 2657 271 2692 et
300 2653 451 2703 Sveciae
480 2666 614 2705 regna,
644 2666 716 2691 nec
746 2666 821 2690 non
853 2650 1050 2696 Moraviae,
1081 2648 1288 2694 Marchiae,
1317 2647 1504 2694 Poloniae‚
1535 2648 1791 2698 Pomeraniae,
1821 2650 1997 2691 Prussiae
2020 2656 2059 2691 et
2081 2652 2270 2697 Limone,

52 2735 98 2762 ac
126 2722 286 2762 Russiae
318 2723 526 2762 ducatus'’.
555 2713 876 2774 —'Herb15poli,
908 2720 998 2759 feria
1029 2720 1142 2758 tertia
1168 2723 1262 2771 post
1290 2717 1456 2757 Laetare.

445 2792 562 2826 Mansi
598 2791 753 2826 collectio
788 2790 961 2823 concilior.
994 2791 1087 2822 Tom.
1119 2789 1252 2821 XXIV.
1285 2788 1458 2821 850—66.
1518 2789 1702 2832 Staphorst
1737 2789 1828 2822 nist.
1861 2790 1985 2824 eccles.
2017 2792 2206 2835 Hamburg.
2245 2795 2270 2827 1.

404 2872 406 2874 >
445 2854 563 2898 Theil,
591 2855 634 2887 ll.
662 2854 720 2886 Bd.
746 2864 778 2896 p.
803 2852 951 2885 67—77.

317 2915 473 2970 [13764
520 2917 752 2966 Ammss'ris)
784 2914 985 2953 Danorum
1014 2911 1302 2963 Slavorumque
1331 2911 1471 2962 reginae
1501 2911 1640 2961 literae,
1684 2911 1853 2965 quibus,
1896 2927 1942 2952 ex
1972 2928 2170 2954 consensu
2203 2916 2268 2954 filii
2303 2918 2332 2950 1.
2357 2918 2498 2962 Aprilis.

55 2987 118 3027 sui
145 2985 253 3027 Erici
282 2987 484 3026 Danorum
513 2987 619 3038 regis
649 2989 688 3024 et
717 2983 1042 3028 consiliariorum,
1073 2980 1282 3020 Frederico
1313 2981 1516 3033 capitaneo
1547 2983 1769 3035 ceterisque
1798 2983 1962 3022 vasallis
1992 2986 2112 3036 regiis
2142 2985 2270 3025 Reva-

53 3055 115 3096 liae
137 3055 274 3113 jubet,
303 3060 348 3096 ut
369 3055 480 3095 ¹bona
511 3055 711 3107 naufraga,
740 3053 911 3094 Johanni
943 3053 990 3091 de
1020 3051 1159 3090 Duaco
1187 3049 1323 3099 (literae
1353 3050 1403 3089 ad
1430 3049 1693 3092 Lubecenses
1724 3051 1870 3091 habent
1899 3052 1935 3092 J.
1966 3053 2015 3093 de
2044 3054 2268 3108 Dowayhe)

55 3126 281 3179 assignata,
312 3125 386 3166 sed
413 3130 464 3165 “a
495 3124 733 3178 quibusdam
764 3122 936 3162 indebite
966 3121 1150 3174 direpta”‚
1182 3120 1398 3172 restituant.
1428 3142 1481 3148 —
1508 3121 1707 3171 Roslsild,
1750 3123 1787 3161 in
1819 3122 2013 3164 dominica
2041 3125 2269 3179 palmarum.

444 3194 621 3228 sartorius
649 3194 777 3227 Gesch.
803 3193 835 3225 d.
861 3194 976 3225 Hanse
1001 3191 1051 3224 ed.
1076 3189 1309 3232 Lappenberg.
1335 3190 1379 3222 11.
1405 3200 1460 3222 no.
1486 3191 1615 3224 LXVI.
1639 3202 1671 3234 p.
1703 3191 1779 3225 151.

315 3256 462 3308 [1377.]
521 3257 684 3301 Aones,
714 3254 914 3294 Danorum
932 3252 1218 3303 Slavorumque
1242 3251 1374 3302 regina
1396 3253 1436 3289 et
1466 3251 1630 3291 ducissa
1658 3251 1876 3301 Esthoniae,
1904 3254 2046 3294 Joanni
2076 3257 2267 3310 episcopo
2299 3261 2333 3293 8.
2358 3260 2496 3304 Aprilis.

56 3325 282 3366 Revaliensi
311 3332 350 3366 et
379 3326 548 3366 dominis
579 3324 778 3365 Odwardo
809 3324 857 3363 de
886 3322 1017 3368 Lode,
1048 3321 1174 3360 Acero
1204 3319 1489 3372 Woghenson,
1528 3320 1636 3361 Brun
1668 3321 1716 3362 de
1746 3322 1846 3364 Dale
1874 3329 1914 3365 et
1943 3324 2191 3365 Theoderico
2221 3327 2269 3367 de

125 3398 256 3433 negent.
277 3399 354 3426 nan.
375 3398 397 3426 1.
1953 3398 2005 3438 22
