2649 3686
698 152 854 202 Koxo
890 153 1235 207 Cnmsrownn
1268 174 1366 207 DEN
1401 156 1604 206 Auum.
2159 167 2257 216 233

300 322 447 374 [1937.]
503 323 651 377 Forliig
674 326 828 367 mellem
856 327 1178 371 Landsherrerne
1212 331 1478 381 (hvoriblandt
1504 331 1696 373 Komar-:lv
1726 345 1781 372 ΛΡ
1810 332 2049 386 Dammana)
2080 350 2130 388 og
2158 338 2253 377 Stae.
2329 338 2446 380 1323.

42 394 161 435 derne
189 394 202 433 i
231 392 410 441 Lissand,
448 392 619 433 Estland
655 410 706 445 og
741 397 910 437 Cui-land
940 413 1014 453 paa
1044 400 1119 442 den
1149 415 1240 448 ene,
1284 415 1335 454 og
1361 391 1481 455 Kong
1510 402 1732 444 Gedeminn
1762 403 1807 443 as
1829 402 2026 443 Lettoueu
2064 418 2140 457 paa
2177 406 2250 446 den
2288 405 2320 437 2·
2346 407 2481 441 Octobr.

42 463 169 505 auden
198 463 308 503 Side.
339 485 389 492 —-
430 462 569 512 Vilue,
601 464 673 504 des
703 469 982 520 sunnendages
1012 484 1058 509 na
1089 485 1122 510 s.
1152 470 1348 513 Micheles
1377 471 1501 524 Dage.
1999 474 2256 527 (l'lattydsk).

432 533 537 566 Suhm
564 533 653 568 nist.
680 536 719 568 af
740 538 888 573 Danmk.
914 540 993 573 xu.
1018 541 1190 574 353—55.

300 587 446 646 [1938]
504 594 722 636 Eberhardi
752 600 932 653 episcopi
958 605 998 640 et
1027 604 1149 642 totius
1188 603 1347 656 capituli
1384 603 1680 653 (iVarmiensis)
1718 604 1837 645 literae
1874 604 2063 658 publicae,
2107 606 2252 660 quibus
2283 607 2333 641 ¹6-
2359 609 2493 644 Octobr.

38 668 233 706 assertum
283 665 419 718 populi
468 670 661 717 negatur,
712 667 919 720 Lytwinos
961 671 1141 712 ethnicos
1192 673 1307 713 fidem
1349 673 1602 714 christianam
1644 676 1825 728 accipere
1867 676 2067 722 voluisse,
2110 678 2144 715 si
2188 692 2257 730 per

37 737 179 777 fratres
227 735 370 776 domus
415 734 641 777 'l'eutonicae
685 752 761 776 non
807 744 945 780 essent
987 741 1076 781 inde
1121 742 1282 796 repulsi.
1358 743 1424 783 Ad
1474 743 1577 784 hanc
1620 746 1907 786 recusationem
1953 747 2255 787 confirmandam

37 807 148 861 plura
193 805 373 858 exempla
415 805 615 855 adserunt,
668 808 812 861 quibus
852 810 1095 852 ferocitatem
1138 816 1178 852 et
1218 812 1362 865 flagitia
1404 813 1676 866 Lytwinorum
1720 815 1887 868 probant
1931 820 1972 855 et
2017 818 2115 856 inter
2156 817 2254 864 alia,

39 876 146 931 quod
182 875 329 915 “iidem
369 876 540 928 gentiles
570 876 740 929 Lytwini
778 892 878 919 anuo
917 880 1061 920 domini
1096 882 1306 922 millesimo
1343 885 1620 924 trecentesimo
1656 885 1848 926 vicesimo
1884 888 1999 926 tertio
2037 888 2075 926 in
2112 888 2255 927 carnis·

37 948 165 1002 privio
195 947 436 986 intraverunt
464 946 691 994 Revaliam,
722 953 862 989 terram
901 963 1022 991 uncis
1051 951 1203 990 DAcrffl
1233 954 1271 992 in
1307 954 1484 1006 partibus
1520 954 1697 994 Livoniae
1734 969 1781 995 ac
1819 957 1937 996 etiam
1981 958 2254 1010 episcopatum

37 1017 342 1063 Terbatensem,
373 1029 474 1069 quas
513 1020 638 1057 terras
667 1020 817 1073 rapinis
847 1024 886 1059 et
915 1021 1108 1060 incendiis
1138 1022 1348 1062 exitialiter
1377 1023 1675 1072 destruxerunt,
1715 1026 1943 1066 occidentes
1972 1031 2012 1066 et
2049 1029 2254 1081 capientes

38 1090 205 1142 quatuor
233 1086 354 1126 millia
385 1085 588 1135 hominum
619 1101 742 1128 sexus
771 1091 986 1142 promiscui
1026 1095 1065 1130 et
1094 1093 1330 1144 quingentas
1367 1092 1468 1132 duas
1504 1094 1752 1147 parochiales
1781 1096 1977 1136 ecclesias
2006 1111 2094 1137 cum
2125 1111 2254 1136 sacra—

36 1159 181 1199 mentis
211 1157 364 1197 occulte
394 1156 693 1204 comburentes,
724 1158 864 1198 sratres
895 1160 1045 1200 ordinis
1074 1161 1388 1214 Cysterciensis,
1426 1163 1612 1203 videlicet
1641 1164 1915 1217 presbyterum
1946 1166 1983 1204 in
2013 1167 2087 1206 line
2117 1168 2252 1206 missae

38 1231 78 1268 et
108 1241 342 1268 conversum
373 1227 601 1281 multosque
626 1227 873 1280 presbiteros
898 1230 1100 1271 seculares
1129 1231 1390 1272 inhumaniter
1428 1233 1697 1274 occidentes”.
1736 1256 1784 1264 —
1827 1234 1978 1276 Castro
1996 1266 2091 1276 .....
2108 1236 2250 1290 sberq,

36 1298 99 1339 die
127 1297 231 1338 beati
263 1297 380 1339 Galli.

430 1367 540 1410 Voigt
564 1368 680 1402 Codex
705 1367 881 1412 diplomat.
905 1369 1092 1404 Prussicus
1116 1371 1160 1404 11.
1186 1381 1240 1404 no.
1267 1372 1376 1405 CVII,
1402 1384 1434 1416 p.
1462 1372 1654 1406 139-141,

298 1428 454 1479 [1939.]
514 1430 678 1483 Septem
708 1431 958 1483 praelatorum
986 1432 1189 1472 Borussioe
1218 1433 1267 1472 ad
1297 1434 1501 1487 praelatos,
1544 1435 1753 1487 praefectos
1790 1436 1940 1476 ordinis
1978 1437 2120 1476 domus
2150 1436 2248 1476 Teu.
2280 1434 2335 1469 24·
2362 1436 2497 1470 Octobr-

37 1506 138 1547 tom,
168 1501 417 1554 capitaneum
448 1501 725 1539 “serenissimi
756 1500 903 1541 domini
933 1530 969 1540 ..
987 1531 996 1540 .
1025 1504 1132 1554 regis
1159 1503 1310 1543 Dacus:
1339 1518 1427 1543 cum
1458 1505 1545 1545 suis
1575 1505 1748 1545 subditis
1777 1507 2018 1553 universis”,
2048 1511 2087 1545 et
2115 1507 2249 1559 plures

37 1575 245 1625 magnates
288 1570 465 1610 Livoniae
509 1575 549 1610 et
583 1570 761 1611 Estoniae
805 1571 947 1618 literae,
991 1585 1093 1624 quos
1129 1573 1193 1611 “in
1230 1573 1416 1612 domino''
1453 1579 1614 1613 mouent
1651 1579 1691 1615 et
1727 1580 1851 1628 “pura
1890 1576 1991 1616 fide’'
2026 1576 2247 1623 hortantur,

39 1646 83 1682 ut
109 1643 225 1697 “paci
256 1643 342 1680 sive
372 1641 570 1693 treugis’',
605 1655 694 1680 cum
723 1655 815 1693 rege
844 1641 1113 1694 Lytwinorum
1144 1647 1184 1682 et
1212 1643 1387 1682 subditis
1417 1645 1505 1696 ejus
1534 1644 1669 1691 factis,
1713 1646 1998 1698 “quantocius”
2027 1648 2248 1686 renuntiare

35 1712 176 1759 velint,
221 1711 458 1764 “dictosque
488 1710 635 1750 Christi
664 1713 794 1751 crucis
823 1712 987 1771 aemulos
1015 1714 1053 1751 in
1082 1713 1267 1765 personis
1303 1717 1344 1752 et
1373 1713 1491 1752 rebus
1519 1718 1562 1752 ut
1591 1715 1751 1770 expedit
1780 1715 1980 1755 diffidare”
2018 1721 2166 1758 curent.
2197 1738 2244 1746 -

35 1783 85 1824 In
113 1780 315 1835 Elbinqo,
346 1781 444 1821 feria
475 1780 651 1820 secunda
681 1785 771 1822 ante
799 1782 946 1821 festum
973 1782 1175 1822 beatorum
1205 1782 1383 1822 Simonis
1412 1787 1452 1822 et
1479 1783 1603 1826 Judae.

428 1851 538 1893 Voigt
563 1852 678 1885 Codex
704 1852 942 1895 diplomaticus
967 1852 1148 1886 Prussicus
1172 1853 1216 1885 II.
1241 1862 1295 1884 no.
1322 1852 1397 1885 CV.
1422 1863 1454 1895 p.
1483 1853 1652 1887 136--3⁷.

297 1912 453 1963 [1940]
510 1913 733 1953 ,IOHANNIS
759 1915 940 1967 episcopi
963 1915 1155 1967 Ripensis
1184 1914 1324 1959 literae,
1355 1913 1500 1966 quibus
1521 1915 1734 1956 ecclesiam
1757 1916 1980 1970 Spanduith
2003 1919 2244 1958 monasterio
2269 1913 2325 1946 3⁰·
2351 1914 2487 1948 0⁰²⁰&-

36 1985 135 2025 Loci
150 1984 227 2024 Dei
244 1984 396 2024 confert
410 1987 602 2037 perpetuo
618 1983 914 2038 possidendam.
937 2007 990 2013 —-
1011 1984 1144 2038 Ripis,
1175 1983 1370 2023 dominica
1395 1997 1505 2036 prox.
1531 1989 1622 2025 ante
1645 1986 1791 2025 festum
1814 1989 1985 2027 omnium
2008 1992 2245 2028 sanctorum.

429 2055 615 2096 Langebek
641 2054 780 2097 Scriptt.
806 2054 902 2088 VIII.
932 2054 1006 2087 133.

295 2117 452 2166 [1941]
508 2117 669 2157 Essem
701 2115 992 2168 archiepiscopi
1020 2114 1249 2156 Lundensis
1277 2116 1408 2163 literae,
1439 2116 1584 2170 quihus
1613 2117 1862 2159 collationem
1888 2119 2068 2159 ecclesiae
2092 2119 2242 2172 Spand-
2268 2125 2323 2158 31.
2349 2126 2485 2159 Octobr.

35 2187 151 2234 with,
179 2173 422 2227 monasterio
451 2186 552 2226 Loci
581 2187 657 2226 Dei
692 2200 763 2239 per
798 2185 1018 2225 ‚lohannem
1055 2186 1288 2238 episcopum
1326 2186 1548 2239 Ripensem
1578 2186 1743 2234 factam,
1781 2189 1994 2228 coufirmat.
2022 2211 2077 2218 —
2104 2189 2245 2242 Ripae,

33 2259 71 2296 in
101 2256 232 2310 vigilia
263 2254 436 2297 omnium
465 2262 704 2298 sanctorum.

429 2327 615 2369 Langebek
640 2327 779 2371 Scriptt.
804 2327 900 2360 VIII.
929 2325 1004 2358 134.

297 2389 454 2438 [1942]
513 2389 728 2429 Tucuonus
758 2388 938 2427 ecclesiae
964 2386 1241 2438 VVibergensis
1271 2386 1386 2426 electi
1416 2387 1630 2426 confirmati
1668 2387 1808 2434 literae,
1852 2387 1997 2441 quibus
2026 2388 2245 2428 immunita·
2275 2391 2325 2425 ll.
2360 2393 2480 2426 Decbr.

35 2465 114 2500 tem
143 2459 352 2499 fundorum
382 2459 432 2498 ad
461 2460 744 2499 monasterium
773 2456 1013 2498 Vitescholae
1049 2456 1328 2508 pertinentium
1366 2470 1389 2496 a
1422 2457 1591 2496 decimis
1628 2457 1810 2497 ecclesiis
1847 2457 2138 2513 parochialibus
2167 2460 2243 2498 sol-

19 2516 178 2570 *vendi's
207 2531 422 2570 confirmat.
446 2552 501 2558 -
537 2528 744 2582 Wiberqi,
775 2529 888 2567 tertia
918 2526 1110 2566 dominica
1140 2524 1347 2565 adventus.

429 2601 517 2633 Dan.
541 2599 703 2632 Biblioth.
728 2599 791 2631 VI.
820 2596 986 2630 176—77.

278 2660 452 2710 Α[1943.]
511 2660 868 2709 (Χιιιιιετοιηιοιιι)
911 2659 1017 2710 regis
1058 2658 1178 2696 literae
1221 2656 1270 2695 ad
1312 2656 1501 2696 Feoniam
1546 2657 1831 2705 inhabitantes,
1874 2658 2018 2712 quibus
2058 2659 2243 2700 dominus

36 2731 372 2787 Nicolaustrok
414 2733 546 2771 senior
584 2735 624 2771 et
660 2730 807 2770 Petrus
841 2727 1100 2768 Hamundson
1143 2727 1331 2773 citantur,
1373 2730 1418 2766 ut
1460 2727 1557 2766 infra
1594 2727 1648 2766 Vl
1691 2729 1935 2781 septimanas
1976 2742 2107 2769 coram
2152 2740 2243 2782 rege

37 2805 301 2855 compareant.
333 2804 382 2830 -‘—
413 2802 696 2854 Apreldnceces,
727 2800 828 2849 (sine
858 2799 986 2848 anno).

430 2871 536 2903 suhm
556 2870 662 2903 Ilist.
695 2870 732 2902 af
765 2868 909 2901 Danmk.
945 2867 1026 2899 XII.
1060 2865 1140 2899 359.
1175 2883 1220 2890 -
1255 2865 1382 2899 Literae
1414 2864 1516 2908 regiae
1549 2865 1699 2904 eiusdem
1732 2866 1834 2910 plane
1869 2868 1997 2902 tenoris
2033 2869 2130 2902 editae
2165 2875 2245 2904 sunt

434 2931 777 2979 Worthinyburylnt,
803 2929 877 2962 sine
901 2938 986 2961 anno
1013 2930 1045 2959 et
1069 2926 1123 2959 die
1148 2926 1282 2970 (ibid.)

300 2993 457 3043 [1944]
517 2992 871 3043 &musa-ornum)
907 2990 1012 3040 regis
1050 2987 1100 3027 ad
1127 2987 1388 3039 Jaelingsysael
1425 2987 1689 3028 inhabitantes
1726 2989 1867 3038 literae,
1909 2990 2055 3044 quibus
2084 2991 2242 3031 domino

39 3063 202 3104 Nicolao
212 3063 321 3103 Brok
335 3062 439 3103 bona
455 3063 647 3116 quaedam,
664 3060 908 3114 inLynsholt
922 3059 1012 3104 sita,
1028 3056 1226 3110 adjudicat
1240 3061 1430 3110 perpetuo
1446 3057 1988 3114 possidenda.—Kaldinqlc
1999 3062 2242 3111 (sineanno).

431 3133 538 3166 Suhm
564 3133 654 3166 nist.
680 3132 720 3164 af
740 3129 889 3164 Danmk.
913 3129 992 3161 XII.
1015 3126 1094 3159 359.
1119 3144 1164 3150 —
1187 3126 1312 3159 Literoe
1338 3127 1460 3169 regiae,
1493 3127 1611 3170 quibus
1635 3138 1738 3172 supra
1762 3129 1851 3162 dicta
1873 3130 1959 3163 bona
1982 3131 2122 3164 Nicolao
2149 3133 2243 3165 Brok

432 3195 616 3239 aecundo,
643 3193 754 3229 tertio
781 3195 814 3225 et
839 3193 969 3234 quarto
994 3187 1256 3229 adjudicantur,
1295 3188 1380 3221 datae
1405 3192 1484 3221 sunt
1510 3189 1779 3236 Thornburqh,
1815 3191 2071 3238 Saxoeko'pinq
2099 3197 2131 3227 et
2157 3217 2240 3227 .....

49 3299 51 3301 ,
430 3256 566 3301 νίηρΙις
591 3267 654 3301 quo
678 3265 760 3290 vero
785 3262 870 3286 anno
896 3250 992 3285 edim
1017 3251 1118 3293 sunt,
1145 3260 1209 3283 uon
1234 3249 1403 3283 indicatur
1427 3249 1563 3293 (ibid.).

109 3319 235 3355 Ite—gest.
256 3319 333 3349 Dan.
353 3319 376 3350 Ι.
1539 3315 1545 3321 ”
1932 3317 1984 3358 30
