2649 3686
152 317 268 356 1268.

115 385 170 419 30.
207 387 277 426 Maj
282 385 304 419 i.

129 800 161 830 7.
187 797 292 831 Junii.

130 1136 161 1166 7.
187 1133 290 1166 Junii.

118 1402 167 1434 14.
193 1399 296 1434 Junii.

118 1595 167 1628 15,
192 1593 296 1628 Junii.

112 1934 166 1967 29.
192 1936 214 1968 J
219 1934 296 1968 unii.

124 2143 155 2174 5.
189 2142 284 2176 Julii.

93 2604 147 2636 21.
180 2606 312 2639 Octobr.

113 3020 161 3052 18.
194 3019 316 3053 Novbr.

107 3223 161 3256 20.
193 3223 316 3258 Novbr.

339 144 435 193 146
1132 138 1286 185 Koxe
1320 134 1451 181 Ean<
1485 130 1740 180 Gmpmm.

599 314 753 363 [1172]
811 312 1004 352 Comum
1043 323 1094 349 nr:
1132 307 1366 350 MANDRRN,
1408 303 1665 355 praeceptoris
1709 300 1851 339 domus
1894 300 2147 339 Theutonicae
2189 313 2260 351 per
2300 298 2541 351 Lyvoniam,

341 387 627 431 testimonium,
658 383 762 436 quod
790 382 1048 421 Lubecenses
1077 383 1117 417 et
1144 374 1314 415 universi
1343 375 1582 410 mercatores
1611 369 1686 408 sub
1716 371 1837 409 certis
1861 369 2155 408 conditionibus
2180 382 2226 407 se
2251 368 2542 418 obstrinxerint,

339 459 409 495 “ut
438 455 607 494 inimicis
636 453 744 498 fidei,
774 451 955 490 videlicet
983 448 1181 488 Ruthenis
1218 444 1266 482 de
1294 441 1513 493 Nogardia,
1554 439 1631 478 hoc
1668 453 1769 478 anno
1808 452 1882 477 sua
1918 439 2171 477 mercimonia
2209 451 2286 476 non
2324 438 2542 488 deferant”‚

342 525 539 565 mediante
576 523 760 576 praedicto
799 519 977 559 Conrado
1015 521 1055 556 et
1087 520 1284 554 “suma-ns
1325 523 1544 550 lhnus‘rms
1583 521 1711 548 amns
1740 508 1892 547 Daciffi:
1923 508 2081 547 domino
2109 508 2319 547 Frederico
2349 509 2540 562 episcopo

343 594 549 634 carinensi
580 605 624 631 ac
653 590 852 643 postulato
882 585 1156 631 Darlietensi'',
1186 595 1257 621 nec
1287 594 1361 619 non
1391 593 1590 619 consensu
1619 579 1864 617 dominorum
1894 582 2003 618 terrae
2038 577 2242 630 Lyvoniae.
2270 600 2324 607 —
2352 576 2542 628 Labaka,

343 664 438 703 seria
466 661 553 701 1111.
584 661 730 699 dierum
761 671 959 696 sacrorum
988 654 1265 694 Pentecosten.

729 726 903 760 sartorius
931 724 1055 757 Gesch.
1081 723 1112 754 d.
1141 723 1253 753 Hanse
1279 720 1329 752 ed.
1355 719 1589 762 Lappenberg.
1616 718 1661 751 II.
1687 728 1742 750 no.
1767 717 1900 749 XXXI.
1925 728 1957 760 p.
1985 717 2135 751 9-1—95.

599 789 753 839 [1173]
810 788 966 826 Eamus
1006 799 1071 823 rex
1111 795 1247 821 omnes
1284 781 1468 826 colonos,
1512 779 1667 819 villicos
1707 782 1747 818 et
1786 779 2023 832 inquilinos,
2065 793 2138 818 nec
2174 793 2250 817 non
2282 780 2412 818 omnia
2440 778 2544 820 bona

339 862 565 902 monasterii
601 859 857 898 Esromensis
894 855 943 895 ab
982 852 1246 905 expeditionis
1284 850 1527 902 gravamine,
1572 850 1818 902 impetitione
1856 850 2076 896 exactoria,
2120 849 2219 888 innae
2256 853 2296 888 et
2331 849 2462 897 stuth,
2505 854 2545 890 et

341 933 485 971 ceteris
523 927 793 969 exactionibus
831 923 1050 977 regalibuS,
1100 935 1171 960 nec
1208 934 1284 958 non
1321 919 1369 958 ab
1405 918 1560 958 urbium
1588 919 1650 958 vel
1680 923 1899 958 castrorum
1928 920 2167 965 munitione,
2211 918 2469 959 aedificatione
2504 925 2545 960 et

342 1001 584 1053 reparatione
600 998 749 1042 liberat,
779 996 883 1034 “nisi
902 994 1031 1032 forsan
1050 990 1204 1043 quando
1221 990 1484 1028 communitas
1500 993 1608 1028 terrae
1626 989 1881 1042 requiratur’'.
1898 1011 1947 1016 —
1968 988 2202 1043 Siqersltiff,
2227 989 2317 1028 idus
2333 989 2543 1030 JuniiVII.

728 1063 915 1104 Langebek
940 1061 1080 1104 Scriptt.
1107 1061 1167 1093 IX.
1217 1082 1225 1091 .
1251 1059 1334 1091 Cod.
1361 1059 1497 1092 Esrom.
1524 1059 1586 1092 fol.
1609 1060 1666 1093 LI.

596 1125 750 1174 [1174]
806 1124 971 1170 Literae,
1015 1121 1158 1175 quibus
1193 1120 1356 1159 Eamus
1400 1134 1468 1159 rex
1512 1121 1642 1159 omnia
1679 1120 1783 1160 bona
1825 1121 2102 1160 canonicorum
2147 1120 2196 1159 de
2237 1119 2454 1173 Eppleholt
2494 1119 2544 1160 ab

337 1197 598 1250 expeditionis
626 1195 860 1246 gravamine,
891 1193 1135 1245 impetitione
1165 1190 1366 1241 exactoria
1396 1192 1581 1244 omnique
1612 1204 1730 1230 onere
1759 1192 1882 1243 regio,
1911 1190 2035 1230 libera
2065 1191 2239 1231 dimittit.
2268 1213 2322 1219 —
2353 1189 2543 1243 Siqllers·

339 1269 428 1319 lb'ff,
460 1264 544 1304 Vll.
575 1264 625 1303 id.
654 1264 772 1303 Junii.

723 1332 910 1374 Langebek
935 1329 1071 1373 scriptt.
1096 1331 1159 1363 VI.
1188 1330 1263 1363 163.

534 1386 537 1391 ¹
592 1395 746 1444 [1175]
803 1393 1015 1444 Privilegia
1057 1406 1127 1445 per
1163 1392 1333 1432 Emeum
1369 1405 1502 1444 regem
1540 1392 1910 1432 sanctimonialibus
1949 1392 1997 1433 de
2027 1393 2200 1433 claustro
2239 1406 2272 1432 s.
2298 1391 2434 1432 Mariae
2462 1391 2542 1432 Ro-

335 1467 477 1508 skildis
506 1478 711 1505 concessa.
743 1486 792 1491 —-
822 1462 1057 1510 Roslfildis,
1088 1462 1238 1501 calend.
1269 1461 1366 1500 Julii
1396 1460 1546 1501 XVIII.

724 1533 829 1566 Suhm
856 1532 946 1565 Hist.
972 1533 1012 1564 af
1033 1532 1179 1565 Danmk.
1204 1533 1250 1564 X.
1275 1531 1448 1564 993—94.

594 1595 749 1644 [1176]
807 1594 964 1633 Statuta
993 1595 1167 1633 civitatis
1189 1593 1486 1640 Roskildensis,
1516 1593 1565 1633 ab
1591 1593 1722 1633 Enlco
1752 1609 1845 1648 rege
1875 1595 2099 1634 confirmata
2131 1596 2236 1644 (cum
2266 1593 2545 1634 additamentis

335 1668 563 1707 recentioris
593 1666 751 1714 aetatis).
790 1685 838 1691 —
870 1663 1011 1703 Mense
1040 1664 1179 1711 Junio,
1209 1663 1424 1703 indictione
1452 1664 1538 1711 XL,
1569 1663 1703 1703 XVII.
1733 1665 1884 1704 calend.
1913 1665 2022 1714 Julii,
2052 1679 2153 1704 anno
2182 1666 2292 1717 regni
2322 1663 2397 1703 XI.
2425 1663 2544 1714 (IX.).

1730 1734 1835 1784 (Lat.
1865 1749 1953 1774 cum
1984 1736 2183 1788 interpret.
2213 1735 2314 1774 Dan.
2344 1735 2544 1784 vetusta.).

726 1803 1138 1847 Kolderup—Rosenvinge
1163 1804 1269 1837 Saml.
1303 1804 1345 1836 at*
1364 1803 1411 1846 gl.
1437 1803 1569 1837 danske
1592 1806 1687 1838 Love
1711 1807 1756 1839 V.
1792 1805 1984 1838 172—187.
2042 1805 2279 1848 Interpretatio
2304 1804 2434 1838 Danica
2457 1803 2569 1857 edita*

725 1870 777 1900 est
801 1867 855 1899 in:
880 1866 1022 1899 Danske
1045 1866 1208 1908 Magazin
1228 1867 1274 1898 V.
1299 1865 1494 1898 333—342.

593 1928 746 1977 [1177.]
804 1928 968 1976 Literae,
1012 1927 1157 1981 quibus
1199 1927 1372 1967 Perkos
1414 1926 1604 1966 Esau-:um
1648 1941 1789 1968 prmus
1832 1928 2012 1968 ecclesiae
2048 1928 2264 1968 Ebhleholt
2306 1928 2436 1968 omnia
2471 1940 2542 1967 sua

335 1999 437 2039 bona
467 2000 503 2038 in
535 1998 766 2046 Haerltiffue,
795 2012 935 2037 versus
965 1997 1148 2036 “Haffn.’'
1175 1999 1278 2045 sita,
1309 1997 1471 2037 confert.
1503 2019 1552 2025 ——
1582 1997 1828 2048 Ebblekolt,
1859 1999 1923 2038 die
1953 2012 2044 2052 app.
2073 1998 2180 2038 Petri
2210 2003 2251 2039 et
2278 1998 2407 2038 Pauli.

724 2068 910 2109 Langebek
935 2069 1075 2112 Scriptt.
1101 2069 1163 2101 VI.
1192 2068 1268 2101 163.

593 2129 746 2178 [1178]
801 2129 929 2169 Eruci
960 2131 1159 2169 Danorum
1190 2130 1476 2182 Slavorumque
1505 2130 1612 2181 regis
1640 2129 1867 2182 privilegia,
1903 2129 2210 2170 Luhecensibus
2247 2130 2362 2170 data:
2419 2132 2458 2181 a)
2489 2129 2545 2170 Ut

334 2205 507 2253 tempore
537 2199 790 2238 nundinarum
820 2200 924 2253 apud
951 2199 1211 2239 Falsterbode
1241 2200 1426 2251 “plenam
1450 2200 1769 2253 jurisdictionem
1800 2214 1920 2253 super
1948 2200 2095 2239 debitis
2132 2204 2173 2239 et
2200 2201 2321 2248 rixis,
2369 2213 2454 2254 quae
2480 2201 2540 2245 ‚di-

334 2275 470 2309 cuntur
499 2269 766 2316 Scheltword,
806 2270 905 2308 inter
934 2270 1047 2322 ipsos
1075 2267 1335 2322 personaliter
1363 2269 1664 2321 vergentibus”,
1703 2270 1918 2309 obtineant.
1974 2267 2018 2322 1))
2050 2269 2104 2310 Ut
2133 2283 2365 2324 quacunque
2395 2271 2460 2311 die
2490 2270 2540 2310 ad

335 2340 444 2379 littus
474 2353 561 2379 cum
592 2339 757 2380 navibus
787 2343 827 2378 et
854 2339 1052 2378 mercibus
1082 2339 1385 2391 applicaverint,
1428 2340 1547 2379 liceat
1576 2353 1698 2380 naves
1729 2354 1941 2379 exonerare
1978 2343 2018 2379 et
2046 2354 2199 2379 merces
2229 2342 2266 2379 in
2305 2345 2446 2381 terram
2477 2340 2541 2380 ‹le-

335 2409 445 2448 ferre.
473 2431 526 2438 —-
555 2410 604 2451 In
634 2410 808 2450 concilio
837 2410 952 2461 apud
980 2409 1170 2461 Sla'qlos,
1203 2424 1292 2448 non.
1321 2409 1417 2448 Julii
1447 2409 1517 2448 III.
1898 2434 1901 2436 —

722 2479 836 2520 Liinig
870 2479 1028 2512 Teutsch.
1062 2479 1285 2511 Reichsarch.
1318 2479 1401 2511 Vol.
1434 2480 1531 2512 XIII.
1565 2480 1604 2512 P.
1637 2482 1737 2522 Spec.
1770 2480 1833 2512 IX.
1868 2480 1930 2512 IV.
1957 2479 2092 2521 Contin.
2123 2479 2152 2512 1.
2178 2479 2241 2512 Th.
2267 2490 2298 2523 p.
2328 2480 2414 2513 1334
2445 2479 2542 2525 (cum

724 2541 777 2574 die
800 2541 856 2573 23.
881 2540 1001 2584 Julii).
1049 2540 1229 2582 Liljegren
1254 2540 1478 2583 Diplomatar.
1505 2543 1648 2573 Sveean.
1673 2542 1717 2574 11.
1742 2551 1797 2574 no.
1826 2541 1924 2573 1711.
1948 2552 1980 2584 p.
2004 2541 2084 2573 650.

595 2602 749 2651 [1179]
808 2603 1016 2649 Gammae,
1065 2603 1209 2642 relictae
1250 2602 1438 2654 NGcolai)
1483 2602 1679 2655 quondam
1723 2601 1951 2649 stabularii,
2003 2602 2239 2649 notificatio,
2283 2602 2390 2656 quod
2417 2603 2540 2643 multo

337 2669 446 2720 plura
474 2670 575 2710 bona
603 2672 823 2711 hoeredibus
853 2673 940 2711 suis
968 2672 1198 2725 reliquisset
1233 2686 1348 2725 quam
1385 2674 1626 2712 monasterio
1662 2672 1705 2711 S.
1734 2672 1854 2711 Clarae
1884 2671 2144 2711 Roskildensi
2180 2672 2283 2711 dono
2323 2676 2538 2712 scotasset.

341 2740 587 2784 [Scotaverat
615 2743 716 2779 enim
745 2741 846 2780 bona
876 2755 947 2780 sua
978 2743 1015 2780 in
1045 2741 1265 2781 Hellelaevae
1303 2742 1463 2781 macklae
1503 2756 1591 2781 eum
1628 2742 1871 2788 attinentiis,
1910 2741 1983 2780 sed
2012 2741 2161 2794 reliqua
2191 2746 2320 2780 erant:
2366 2743 2405 2781 in
2442 2742 2540 2794 Sey-

341 2806 467 2845 landia
498 2807 788 2861 Gunnildaerytb
820 2824 906 2849 cum
936 2812 1173 2858 attinentiis,
1214 2809 1409 2864 Ekithorp
1447 2826 1535 2851 cum
1571 2812 1812 2858 attinentiis,
1856 2812 1893 2850 in
1925 2811 2068 2850 Scania
2107 2810 2254 2850 Okslef
2283 2825 2371 2851 cum
2409 2816 2540 2851 castro

343 2883 381 2915 et
411 2877 646 2923 attinentiis,
677 2878 890 2917 Gotaersles
914 2893 1000 2917 cum
1029 2880 1253 2919 molendino
1284 2885 1324 2920 et
1351 2882 1604 2930 attinentiis}
1633 2903 1687 2909 —
1727 2880 1984 2928 Roschildis,
2026 2880 2117 2919 XII.
2147 2881 2299 2920 calend.
2328 2881 2538 2921 Novembr-

728 2946 830 2978 Suhm
857 2946 946 2980 Hist.
972 2948 1013 2980 af
1033 2950 1177 2981 Danmk.
1202 2951 1248 2982 X.
1273 2949 1354 2983 994.
1402 2950 1577 2992 Liljegren
1603 2950 1825 2993 Diplomatar.
1851 2952 1996 2983 Svecan.
2022 2951 2048 2983 I.
2073 2961 2127 2983 no.
2152 2951 2231 2983 861.
2257 2963 2288 2994 p.
2315 2952 2486 2984 ⁷14—15.

601 3009 754 3057 [1180]
813 3010 1105 3052 Testamentum
1148 3013 1300 3062 Gnoffl,
1343 3015 1488 3055 relictae
1531 3015 1678 3055 domini
1714 3013 1885 3053 Esberni
1922 3013 2142 3067 5Vagnsun.
2187 3038 2235 3044 —
2279 3017 2537 3066 Rea-claudis,

341 3077 447 3116 ΧΠ.
477 3077 625 3116 calend.
656 3078 860 3118 Decembr.

728 3147 829 3179 Suhm
857 3149 944 3182 nist.
970 3151 1009 3182 af
1026 3151 1172 3184 Danmk.
1196 3153 1242 3187 X.
1267 3153 1438 3188 995—97.

602 3210 754 3259 [1181]
810 3212 931 3253 Emer
963 3215 1076 3254 ducis
1104 3215 1218 3256 Jutiae
1249 3219 1390 3267 literae,
1433 3219 1577 3273 quibus
1605 3219 1799 3258 Buxnom
1831 3219 2021 3272 episcopo
2051 3220 2295 3261 Slesviccnsi
2325 3222 2427 3261 bona
2464 3235 2536 3262 sua

340 3281 376 3319 in
407 3279 743 3331 Sundergoshcrd,
774 3294 856 3334 quae
882 3284 1058 3325 (licuntur
1080 3286 1223 3334 Andel‚
1251 3289 1326 3328 “ad
1355 3290 1600 3330 cautionem”
1631 3292 1774 3335 scotat,
1806 3287 1930 3329 donec
1961 3290 2059 3330 villae
2089 3290 2314 3339 Brokeslot,
2344 3291 2533 3332 Broders-
