<?xml version="1.0" encoding="UTF-8"?>
<!DOCTYPE html PUBLIC "-//W3C//DTD XHTML 1.0 Transitional//EN"
    "http://www.w3.org/TR/xhtml1/DTD/xhtml1-transitional.dtd">
<html xmlns="http://www.w3.org/1999/xhtml" xml:lang="en" lang="en">
 <head>
  <title>
</title>
<meta http-equiv="Content-Type" content="text/html;charset=utf-8" />
  <meta name='ocr-system' content='tesseract 3.04.00' />
  <meta name='ocr-capabilities' content='ocr_page ocr_carea ocr_par ocr_line ocrx_word'/>
</head>
<body>
  <div class='ocr_page' id='page_1' title='image "./regestadiplomati01dansuoft_0166.png"; bbox 0 0 2649 3686; ppageno 0'>
   <div class='ocr_carea' id='block_1_1' title="bbox 79 321 291 423">
    <p class='ocr_par' dir='ltr' id='par_1_1' title="bbox 79 321 278 423">
     <span class='ocr_line' id='line_1_1' title="bbox 127 321 239 360; baseline -0.009 0"><span class='ocrx_word' id='word_1_1' title='bbox 127 321 239 360; x_wconf 73' lang='lat'><strong>1278.</strong></span> 
     </span>
     <span class='ocr_line' id='line_1_2' title="bbox 79 389 291 423; baseline 0 -1"><span class='ocrx_word' id='word_1_2' title='bbox 79 391 128 422; x_wconf 86' lang='lat'><strong>15.</strong></span> <span class='ocrx_word' id='word_1_3' title='bbox 162 389 291 423; x_wconf 83' lang='lat' dir='ltr'><strong>Martii.</strong></span> 
     </span>
    </p>
   </div>
   <div class='ocr_carea' id='block_1_2' title="bbox 81 871 283 903">
    <p class='ocr_par' dir='ltr' id='par_1_2' title="bbox 81 871 283 903">
     <span class='ocr_line' id='line_1_3' title="bbox 81 871 283 903; baseline 0 0"><span class='ocrx_word' id='word_1_4' title='bbox 81 872 130 903; x_wconf 87' lang='grc'><strong>15.</strong></span> <span class='ocrx_word' id='word_1_5' title='bbox 157 871 283 903; x_wconf 75' lang='lat' dir='ltr'><strong>Martii.</strong></span> 
     </span>
    </p>
   </div>
   <div class='ocr_carea' id='block_1_3' title="bbox 78 1489 283 1522">
    <p class='ocr_par' dir='ltr' id='par_1_3' title="bbox 78 1489 283 1522">
     <span class='ocr_line' id='line_1_4' title="bbox 78 1489 283 1522; baseline -0.01 0"><span class='ocrx_word' id='word_1_6' title='bbox 78 1491 126 1522; x_wconf 79' lang='lat'><strong>15.</strong></span> <span class='ocrx_word' id='word_1_7' title='bbox 159 1489 283 1522; x_wconf 80' lang='lat' dir='ltr'><strong>Martii.</strong></span> 
     </span>
    </p>
   </div>
   <div class='ocr_carea' id='block_1_4' title="bbox 72 2044 280 2078">
    <p class='ocr_par' dir='ltr' id='par_1_4' title="bbox 72 2044 280 2078">
     <span class='ocr_line' id='line_1_5' title="bbox 72 2044 280 2078; baseline -0.005 -1"><span class='ocrx_word' id='word_1_8' title='bbox 72 2046 126 2078; x_wconf 70' lang='lat'><strong>2⁷.</strong></span> <span class='ocrx_word' id='word_1_9' title='bbox 152 2044 280 2078; x_wconf 83' lang='lat' dir='ltr'><strong>Martii.</strong></span> 
     </span>
    </p>
   </div>
   <div class='ocr_carea' id='block_1_5' title="bbox 74 2304 278 2347">
    <p class='ocr_par' dir='ltr' id='par_1_5' title="bbox 74 2304 278 2347">
     <span class='ocr_line' id='line_1_6' title="bbox 74 2304 278 2347; baseline 0.005 -11"><span class='ocrx_word' id='word_1_10' title='bbox 74 2306 103 2338; x_wconf 78' lang='lat'><strong>5.</strong></span> <span class='ocrx_word' id='word_1_11' title='bbox 138 2304 278 2347; x_wconf 81' lang='lat' dir='ltr'>Aprilis.</span> 
     </span>
    </p>
   </div>
   <div class='ocr_carea' id='block_1_6' title="bbox 77 2636 282 2678">
    <p class='ocr_par' dir='ltr' id='par_1_6' title="bbox 77 2636 282 2678">
     <span class='ocr_line' id='line_1_7' title="bbox 77 2636 282 2678; baseline 0.02 -13"><span class='ocrx_word' id='word_1_12' title='bbox 77 2637 106 2666; x_wconf 70' lang='grc' dir='ltr'><strong>Γ).</strong></span> <span class='ocrx_word' id='word_1_13' title='bbox 147 2636 282 2678; x_wconf 79' lang='lat' dir='ltr'>Aprilis.</span> 
     </span>
    </p>
   </div>
   <div class='ocr_carea' id='block_1_7' title="bbox 77 2967 288 3008">
    <p class='ocr_par' dir='ltr' id='par_1_7' title="bbox 77 2967 288 3008">
     <span class='ocr_line' id='line_1_8' title="bbox 77 2967 288 3008; baseline 0.009 -11"><span class='ocrx_word' id='word_1_14' title='bbox 77 2967 109 2997; x_wconf 81' lang='lat'><strong>5.</strong></span> <span class='ocrx_word' id='word_1_15' title='bbox 147 2967 288 3008; x_wconf 75' lang='lat' dir='ltr'>Aprilis.</span> 
     </span>
    </p>
   </div>
   <div class='ocr_carea' id='block_1_8' title="bbox 102 3234 275 3276">
    <p class='ocr_par' dir='ltr' id='par_1_8' title="bbox 102 3234 275 3276">
     <span class='ocr_line' id='line_1_9' title="bbox 102 3234 275 3276; baseline 0.012 -11"><span class='ocrx_word' id='word_1_16' title='bbox 102 3234 152 3266; x_wconf 68' lang='grc' dir='ltr'><strong>ιε.</strong></span> <span class='ocrx_word' id='word_1_17' title='bbox 178 3234 275 3276; x_wconf 79' lang='lat' dir='ltr'><strong>Maji.</strong></span> 
     </span>
    </p>
   </div>
   <div class='ocr_carea' id='block_1_9' title="bbox 307 132 1708 198">
    <p class='ocr_par' dir='ltr' id='par_1_9' title="bbox 307 132 1708 198">
     <span class='ocr_line' id='line_1_10' title="bbox 307 132 1708 198; baseline -0.015 0"><span class='ocrx_word' id='word_1_18' title='bbox 307 149 401 198; x_wconf 83' lang='lat'><strong>156</strong></span> <span class='ocrx_word' id='word_1_19' title='bbox 1102 141 1255 189; x_wconf 73' lang='lat' dir='ltr'><strong>Koxo</strong></span> <span class='ocrx_word' id='word_1_20' title='bbox 1288 135 1417 183; x_wconf 70' lang='lat' dir='ltr'><strong>Eam</strong></span> <span class='ocrx_word' id='word_1_21' title='bbox 1454 132 1708 181; x_wconf 66' lang='lat' dir='ltr'><strong>Gmpmxe.</strong></span> 
     </span>
    </p>
   </div>
   <div class='ocr_carea' id='block_1_10' title="bbox 310 299 2519 644">
    <p class='ocr_par' dir='ltr' id='par_1_10' title="bbox 310 299 2519 644">
     <span class='ocr_line' id='line_1_11' title="bbox 310 299 2516 372; baseline -0.011 -12"><span class='ocrx_word' id='word_1_22' title='bbox 310 321 582 372; x_wconf 81' lang='lat' dir='ltr'><strong>sangvinitatis</strong></span> <span class='ocrx_word' id='word_1_23' title='bbox 621 317 818 357; x_wconf 87' lang='lat' dir='ltr'><strong>obstantia</strong></span> <span class='ocrx_word' id='word_1_24' title='bbox 859 314 955 354; x_wconf 83' lang='lat' dir='ltr'><strong>infra</strong></span> <span class='ocrx_word' id='word_1_25' title='bbox 992 324 1134 351; x_wconf 89' lang='lat' dir='ltr'><strong>annum</strong></span> <span class='ocrx_word' id='word_1_26' title='bbox 1173 323 1195 348; x_wconf 99' lang='grc'>3</span> <span class='ocrx_word' id='word_1_27' title='bbox 1229 307 1406 360; x_wconf 79' lang='lat' dir='ltr'><strong>proximo</strong></span> <span class='ocrx_word' id='word_1_28' title='bbox 1444 304 1549 342; x_wconf 77' lang='lat' dir='ltr'><strong>sesto</strong></span> <span class='ocrx_word' id='word_1_29' title='bbox 1586 302 1781 341; x_wconf 89' lang='lat' dir='ltr'><strong>Johannis</strong></span> <span class='ocrx_word' id='word_1_30' title='bbox 1809 301 1995 354; x_wconf 85' lang='lat' dir='ltr'><strong>baptistae</strong></span> <span class='ocrx_word' id='word_1_31' title='bbox 2033 313 2108 338; x_wconf 93' lang='lat' dir='ltr'><strong>suo</strong></span> <span class='ocrx_word' id='word_1_32' title='bbox 2145 302 2279 338; x_wconf 88' lang='lat' dir='ltr'><strong>sumtu</strong></span> <span class='ocrx_word' id='word_1_33' title='bbox 2315 299 2516 351; x_wconf 75' lang='lat' dir='ltr'><strong>impetret,</strong></span> 
     </span>
     <span class='ocr_line' id='line_1_12' title="bbox 317 367 2518 442; baseline -0.011 -13"><span class='ocrx_word' id='word_1_34' title='bbox 317 391 400 437; x_wconf 80' lang='lat' dir='ltr'><strong>v,eI</strong></span> <span class='ocrx_word' id='word_1_35' title='bbox 429 391 463 429; x_wconf 84' lang='lat' dir='ltr'><strong>si</strong></span> <span class='ocrx_word' id='word_1_36' title='bbox 493 401 595 442; x_wconf 83' lang='lat' dir='ltr'><strong>papa</strong></span> <span class='ocrx_word' id='word_1_37' title='bbox 624 390 854 432; x_wconf 87' lang='lat' dir='ltr'><strong>moreretur,</strong></span> <span class='ocrx_word' id='word_1_38' title='bbox 886 383 982 423; x_wconf 83' lang='lat' dir='ltr'><strong>infra</strong></span> <span class='ocrx_word' id='word_1_39' title='bbox 1011 393 1151 420; x_wconf 87' lang='lat' dir='ltr'><strong>annum</strong></span> <span class='ocrx_word' id='word_1_40' title='bbox 1182 392 1204 417; x_wconf 92' lang='lat' dir='ltr'><strong>a</strong></span> <span class='ocrx_word' id='word_1_41' title='bbox 1233 377 1321 416; x_wconf 83' lang='lat' dir='ltr'><strong>novi</strong></span> <span class='ocrx_word' id='word_1_42' title='bbox 1350 388 1462 428; x_wconf 77' lang='lat' dir='ltr'><strong>papae</strong></span> <span class='ocrx_word' id='word_1_43' title='bbox 1488 374 1707 418; x_wconf 83' lang='lat' dir='ltr'><strong>creatione3</strong></span> <span class='ocrx_word' id='word_1_44' title='bbox 1750 374 1794 409; x_wconf 91' lang='lat' dir='ltr'><strong>ut</strong></span> <span class='ocrx_word' id='word_1_45' title='bbox 1829 371 1906 408; x_wconf 84' lang='lat' dir='ltr'><strong>filia</strong></span> <span class='ocrx_word' id='word_1_46' title='bbox 1943 370 2058 408; x_wconf 90' lang='lat' dir='ltr'><strong>ducis</strong></span> <span class='ocrx_word' id='word_1_47' title='bbox 2095 373 2237 408; x_wconf 88' lang='lat' dir='ltr'><strong>terram</strong></span> <span class='ocrx_word' id='word_1_48' title='bbox 2267 367 2438 406; x_wconf 70' lang='lat' dir='ltr'><strong>Samshti</strong></span> <span class='ocrx_word' id='word_1_49' title='bbox 2468 368 2518 406; x_wconf 87' lang='lat' dir='ltr'><strong>ad</strong></span> 
     </span>
     <span class='ocr_line' id='line_1_13' title="bbox 310 438 2519 501; baseline -0.01 -2"><span class='ocrx_word' id='word_1_50' title='bbox 310 463 398 500; x_wconf 59' lang='lat' dir='ltr'><strong>sitae</strong></span> <span class='ocrx_word' id='word_1_51' title='bbox 428 460 515 498; x_wconf 78' lang='lat' dir='ltr'><strong>dies</strong></span> <span class='ocrx_word' id='word_1_52' title='bbox 545 463 676 496; x_wconf 89' lang='lat' dir='ltr'><strong>tenere</strong></span> <span class='ocrx_word' id='word_1_53' title='bbox 705 455 866 501; x_wconf 88' lang='lat' dir='ltr'><strong>debeat,</strong></span> <span class='ocrx_word' id='word_1_54' title='bbox 895 466 982 491; x_wconf 93' lang='lat' dir='ltr'><strong>cum</strong></span> <span class='ocrx_word' id='word_1_55' title='bbox 1012 448 1203 489; x_wconf 80' lang='lat' dir='ltr'>reditibus</span> <span class='ocrx_word' id='word_1_56' title='bbox 1232 445 1442 497; x_wconf 78' lang='lat' dir='ltr'><strong>legitimis,</strong></span> <span class='ocrx_word' id='word_1_57' title='bbox 1486 443 1688 481; x_wconf 80' lang='lat' dir='ltr'><strong>sexcentis</strong></span> <span class='ocrx_word' id='word_1_58' title='bbox 1716 440 1863 479; x_wconf 87' lang='lat' dir='ltr'><strong>marcis</strong></span> <span class='ocrx_word' id='word_1_59' title='bbox 1891 440 1977 492; x_wconf 89' lang='lat' dir='ltr'><strong>puri</strong></span> <span class='ocrx_word' id='word_1_60' title='bbox 2014 440 2163 491; x_wconf 82' lang='lat' dir='ltr'><strong>argenti</strong></span> <span class='ocrx_word' id='word_1_61' title='bbox 2203 438 2402 477; x_wconf 85' lang='lat' dir='ltr'><strong>annuatim</strong></span> <span class='ocrx_word' id='word_1_62' title='bbox 2432 439 2519 477; x_wconf 84' lang='lat' dir='ltr'><strong>sine</strong></span> 
     </span>
     <span class='ocr_line' id='line_1_14' title="bbox 311 496 2519 574; baseline -0.011 -5"><span class='ocrx_word' id='word_1_63' title='bbox 311 530 388 569; x_wconf 93' lang='lat' dir='ltr'><strong>ulla</strong></span> <span class='ocrx_word' id='word_1_64' title='bbox 419 529 697 571; x_wconf 82' lang='lat' dir='ltr'><strong>diminutione,</strong></span> <span class='ocrx_word' id='word_1_65' title='bbox 742 527 828 563; x_wconf 53' lang='lat' dir='ltr'><strong>sire</strong></span> <span class='ocrx_word' id='word_1_66' title='bbox 857 521 1004 574; x_wconf 88' lang='lat' dir='ltr'><strong>prolem</strong></span> <span class='ocrx_word' id='word_1_67' title='bbox 1036 517 1246 557; x_wconf 84' lang='lat' dir='ltr'><strong>obtinuerit</strong></span> <span class='ocrx_word' id='word_1_68' title='bbox 1275 516 1360 552; x_wconf 83' lang='lat' dir='ltr'><strong>sive</strong></span> <span class='ocrx_word' id='word_1_69' title='bbox 1390 527 1488 560; x_wconf 86' lang='lat' dir='ltr'><strong>non,</strong></span> <span class='ocrx_word' id='word_1_70' title='bbox 1534 516 1573 550; x_wconf 88' lang='lat' dir='ltr'><strong>et</strong></span> <span class='ocrx_word' id='word_1_71' title='bbox 1602 512 1688 549; x_wconf 80' lang='lat' dir='ltr'><strong>sive</strong></span> <span class='ocrx_word' id='word_1_72' title='bbox 1717 496 1858 548; x_wconf 79' lang='lat' dir='ltr'><strong>marito</strong></span> <span class='ocrx_word' id='word_1_73' title='bbox 1897 523 1992 556; x_wconf 87' lang='lat' dir='ltr'><strong>suo,</strong></span> <span class='ocrx_word' id='word_1_74' title='bbox 2034 509 2113 547; x_wconf 90' lang='lat' dir='ltr'><strong>filio</strong></span> <span class='ocrx_word' id='word_1_75' title='bbox 2143 509 2273 559; x_wconf 77' lang='lat' dir='ltr'><strong>regis,</strong></span> <span class='ocrx_word' id='word_1_76' title='bbox 2311 511 2519 560; x_wconf 87' lang='lat' dir='ltr'><strong>superstes</strong></span> 
     </span>
     <span class='ocr_line' id='line_1_15' title="bbox 311 575 2518 644; baseline -0.011 -5"><span class='ocrx_word' id='word_1_77' title='bbox 311 600 427 638; x_wconf 88' lang='lat' dir='ltr'><strong>suerit</strong></span> <span class='ocrx_word' id='word_1_78' title='bbox 458 600 542 636; x_wconf 80' lang='lat' dir='ltr'><strong>sive</strong></span> <span class='ocrx_word' id='word_1_79' title='bbox 572 610 669 640; x_wconf 80' lang='lat' dir='ltr'><strong>non;</strong></span> <span class='ocrx_word' id='word_1_80' title='bbox 699 594 866 644; x_wconf 85' lang='lat' dir='ltr'><strong>denique</strong></span> <span class='ocrx_word' id='word_1_81' title='bbox 896 594 960 636; x_wconf 90' lang='lat' dir='ltr'><strong>ut,</strong></span> <span class='ocrx_word' id='word_1_82' title='bbox 991 590 1025 627; x_wconf 93' lang='lat' dir='ltr'><strong>si</strong></span> <span class='ocrx_word' id='word_1_83' title='bbox 1057 602 1122 626; x_wconf 76' lang='lat' dir='ltr'><strong>rex</strong></span> <span class='ocrx_word' id='word_1_84' title='bbox 1153 589 1361 636; x_wconf 78' lang='lat' dir='ltr'><strong>antequam</strong></span> <span class='ocrx_word' id='word_1_85' title='bbox 1390 583 1496 620; x_wconf 82' lang='lat' dir='ltr'><strong>filius</strong></span> <span class='ocrx_word' id='word_1_86' title='bbox 1514 585 1625 620; x_wconf 68' lang='lat' dir='ltr'><strong>&#39;suus</strong></span> <span class='ocrx_word' id='word_1_87' title='bbox 1655 583 1809 618; x_wconf 84' lang='lat' dir='ltr'><strong>“annos</strong></span> <span class='ocrx_word' id='word_1_88' title='bbox 1839 579 2060 630; x_wconf 84' lang='lat' dir='ltr'><strong>impleverit</strong></span> <span class='ocrx_word' id='word_1_89' title='bbox 2089 575 2368 617; x_wconf 81' lang='lat' dir='ltr'><strong>discretionis’&#39;</strong></span> <span class='ocrx_word' id='word_1_90' title='bbox 2396 590 2518 616; x_wconf 89' lang='lat' dir='ltr'><strong>more-</strong></span> 
     </span>
    </p>
   </div>
   <div class='ocr_carea' id='block_1_11' title="bbox 312 674 439 714">
    <p class='ocr_par' dir='ltr' id='par_1_11' title="bbox 312 674 439 714">
     <span class='ocr_line' id='line_1_16' title="bbox 312 674 439 714; baseline -0.016 -6"><span class='ocrx_word' id='word_1_91' title='bbox 312 674 418 708; x_wconf 84' lang='lat' dir='ltr'><strong>retur</strong></span> <span class='ocrx_word' id='word_1_92' title='bbox 430 699 439 714; x_wconf 93' lang='lat'><strong>,</strong></span> 
     </span>
    </p>
   </div>
   <div class='ocr_carea' id='block_1_12' title="bbox 311 731 1707 839">
    <p class='ocr_par' dir='ltr' id='par_1_12' title="bbox 311 731 1707 839">
     <span class='ocr_line' id='line_1_17' title="bbox 311 731 874 787; baseline -0.021 -8"><span class='ocrx_word' id='word_1_93' title='bbox 311 735 581 787; x_wconf 69' lang='lat' dir='ltr'><strong>Lonebnrylc,</strong></span> <span class='ocrx_word' id='word_1_94' title='bbox 611 734 701 772; x_wconf 88' lang='lat' dir='ltr'><strong>idus</strong></span> <span class='ocrx_word' id='word_1_95' title='bbox 731 731 874 770; x_wconf 83' lang='lat' dir='ltr'><strong>Martii.</strong></span> 
     </span>
     <span class='ocr_line' id='line_1_18' title="bbox 698 789 1707 839; baseline -0.01 -6"><span class='ocrx_word' id='word_1_96' title='bbox 698 801 832 833; x_wconf 89' lang='lat' dir='ltr'><strong>Scheid.</strong></span> <span class='ocrx_word' id='word_1_97' title='bbox 859 798 956 839; x_wconf 81' lang='lat' dir='ltr'><strong>Orig.</strong></span> <span class='ocrx_word' id='word_1_98' title='bbox 984 796 1097 829; x_wconf 84' lang='lat' dir='ltr'><strong>Guelf.</strong></span> <span class='ocrx_word' id='word_1_99' title='bbox 1125 797 1220 826; x_wconf 87' lang='lat' dir='ltr'><strong>Tom.</strong></span> <span class='ocrx_word' id='word_1_100' title='bbox 1250 793 1311 825; x_wconf 88' lang='grc' dir='ltr'><strong>ΙΙΙ.</strong></span> <span class='ocrx_word' id='word_1_101' title='bbox 1336 791 1474 823; x_wconf 79' lang='lat' dir='ltr'><strong>Praefat.</strong></span> <span class='ocrx_word' id='word_1_102' title='bbox 1500 801 1531 832; x_wconf 89' lang='lat' dir='ltr'><strong>p.</strong></span> <span class='ocrx_word' id='word_1_103' title='bbox 1557 789 1707 823; x_wconf 84' lang='lat'><strong>89-90.</strong></span> 
     </span>
    </p>
   </div>
   <div class='ocr_carea' id='block_1_13' title="bbox 306 849 2522 1330">
    <p class='ocr_par' dir='ltr' id='par_1_13' title="bbox 306 849 2522 1330">
     <span class='ocr_line' id='line_1_19' title="bbox 568 849 2519 910; baseline -0.007 -9"><span class='ocrx_word' id='word_1_104' title='bbox 568 862 722 910; x_wconf 68' lang='lat'>[1260]</span> <span class='ocrx_word' id='word_1_105' title='bbox 779 860 905 899; x_wconf 74' lang='lat' dir='ltr'><strong>Emer</strong></span> <span class='ocrx_word' id='word_1_106' title='bbox 948 858 1150 896; x_wconf 85' lang='lat' dir='ltr'><strong>Dauorum</strong></span> <span class='ocrx_word' id='word_1_107' title='bbox 1193 855 1298 905; x_wconf 80' lang='lat' dir='ltr'><strong>regis</strong></span> <span class='ocrx_word' id='word_1_108' title='bbox 1341 852 1513 904; x_wconf 84' lang='lat' dir='ltr'><strong>diploma</strong></span> <span class='ocrx_word' id='word_1_109' title='bbox 1556 851 1605 890; x_wconf 88' lang='lat' dir='ltr'><strong>de</strong></span> <span class='ocrx_word' id='word_1_110' title='bbox 1649 852 1911 892; x_wconf 85' lang='lat' dir='ltr'><strong>conventione</strong></span> <span class='ocrx_word' id='word_1_111' title='bbox 1955 853 2055 891; x_wconf 87' lang='lat' dir='ltr'><strong>inter</strong></span> <span class='ocrx_word' id='word_1_112' title='bbox 2099 865 2188 890; x_wconf 89' lang='lat' dir='ltr'><strong>eum</strong></span> <span class='ocrx_word' id='word_1_113' title='bbox 2233 854 2272 889; x_wconf 90' lang='lat' dir='ltr'><strong>et</strong></span> <span class='ocrx_word' id='word_1_114' title='bbox 2312 849 2519 889; x_wconf 81' lang='lat' dir='ltr'><strong>Albertum</strong></span> 
     </span>
     <span class='ocr_line' id='line_1_20' title="bbox 310 914 2521 975; baseline -0.008 0"><span class='ocrx_word' id='word_1_115' title='bbox 310 937 447 974; x_wconf 88' lang='lat' dir='ltr'><strong>ducem</strong></span> <span class='ocrx_word' id='word_1_116' title='bbox 477 934 526 973; x_wconf 91' lang='lat' dir='ltr'><strong>de</strong></span> <span class='ocrx_word' id='word_1_117' title='bbox 553 930 751 972; x_wconf 78' lang='lat' dir='ltr'><strong>Brunsvik</strong></span> <span class='ocrx_word' id='word_1_118' title='bbox 779 929 895 968; x_wconf 85' lang='lat' dir='ltr'><strong>facta.</strong></span> <span class='ocrx_word' id='word_1_119' title='bbox 954 926 1045 964; x_wconf 76' lang='lat' dir='ltr'><strong>Dux</strong></span> <span class='ocrx_word' id='word_1_120' title='bbox 1075 925 1251 963; x_wconf 90' lang='lat' dir='ltr'><strong>nimirum</strong></span> <span class='ocrx_word' id='word_1_121' title='bbox 1282 914 1486 974; x_wconf 81' lang='lat' dir='ltr'><strong>pollicitus</strong></span> <span class='ocrx_word' id='word_1_122' title='bbox 1516 926 1599 968; x_wconf 90' lang='lat' dir='ltr'><strong>est,</strong></span> <span class='ocrx_word' id='word_1_123' title='bbox 1626 926 1841 975; x_wconf 83' lang='lat' dir='ltr'><strong>postquam</strong></span> <span class='ocrx_word' id='word_1_124' title='bbox 1871 923 2163 961; x_wconf 82' lang='lat' dir='ltr'><strong>matrimonium</strong></span> <span class='ocrx_word' id='word_1_125' title='bbox 2193 921 2279 959; x_wconf 73' lang='lat' dir='ltr'><strong>filire</strong></span> <span class='ocrx_word' id='word_1_126' title='bbox 2311 921 2402 973; x_wconf 88' lang='lat' dir='ltr'><strong>ejus</strong></span> <span class='ocrx_word' id='word_1_127' title='bbox 2432 933 2521 959; x_wconf 90' lang='lat' dir='ltr'><strong>cum</strong></span> 
     </span>
     <span class='ocr_line' id='line_1_21' title="bbox 309 991 2519 1053; baseline -0.007 -9"><span class='ocrx_word' id='word_1_128' title='bbox 309 1006 385 1044; x_wconf 89' lang='lat' dir='ltr'><strong>filio</strong></span> <span class='ocrx_word' id='word_1_129' title='bbox 414 1004 518 1042; x_wconf 89' lang='lat' dir='ltr'><strong>Erici</strong></span> <span class='ocrx_word' id='word_1_130' title='bbox 548 1003 652 1053; x_wconf 84' lang='lat' dir='ltr'><strong>regis</strong></span> <span class='ocrx_word' id='word_1_131' title='bbox 682 1000 993 1038; x_wconf 88' lang='lat' dir='ltr'><strong>consummatum</strong></span> <span class='ocrx_word' id='word_1_132' title='bbox 1024 995 1160 1040; x_wconf 83' lang='lat' dir='ltr'><strong>suerit,</strong></span> <span class='ocrx_word' id='word_1_133' title='bbox 1191 993 1323 1031; x_wconf 83' lang='lat' dir='ltr'><strong>“omni</strong></span> <span class='ocrx_word' id='word_1_134' title='bbox 1355 992 1604 1044; x_wconf 91' lang='lat' dir='ltr'><strong>impetitioni,</strong></span> <span class='ocrx_word' id='word_1_135' title='bbox 1635 1005 1751 1044; x_wconf 83' lang='lat' dir='ltr'><strong>quam</strong></span> <span class='ocrx_word' id='word_1_136' title='bbox 1775 993 1988 1031; x_wconf 85' lang='lat' dir='ltr'><strong>occasione</strong></span> <span class='ocrx_word' id='word_1_137' title='bbox 2011 1005 2233 1038; x_wconf 87' lang='lat' dir='ltr'><strong>causarum,</strong></span> <span class='ocrx_word' id='word_1_138' title='bbox 2264 991 2519 1043; x_wconf 88' lang='lat' dir='ltr'><strong>dampnorum</strong></span> 
     </span>
     <span class='ocr_line' id='line_1_22' title="bbox 308 1059 2522 1126; baseline -0.007 -12"><span class='ocrx_word' id='word_1_139' title='bbox 308 1075 369 1114; x_wconf 86' lang='lat' dir='ltr'><strong>vel</strong></span> <span class='ocrx_word' id='word_1_140' title='bbox 399 1084 655 1126; x_wconf 78' lang='lat' dir='ltr'><strong>expensarum</strong></span> <span class='ocrx_word' id='word_1_141' title='bbox 699 1071 832 1107; x_wconf 89' lang='lat' dir='ltr'><strong>contra</strong></span> <span class='ocrx_word' id='word_1_142' title='bbox 874 1079 948 1104; x_wconf 90' lang='lat' dir='ltr'><strong>nos</strong></span> <span class='ocrx_word' id='word_1_143' title='bbox 990 1078 1036 1103; x_wconf 92' lang='grc'>30</span> <span class='ocrx_word' id='word_1_144' title='bbox 1079 1076 1238 1115; x_wconf 75' lang='lat' dir='ltr'><strong>regnum</strong></span> <span class='ocrx_word' id='word_1_145' title='bbox 1283 1065 1462 1100; x_wconf 79' lang='lat' dir='ltr'><strong>nostrum</strong></span> <span class='ocrx_word' id='word_1_146' title='bbox 1505 1061 1650 1101; x_wconf 88' lang='lat' dir='ltr'><strong>habere</strong></span> <span class='ocrx_word' id='word_1_147' title='bbox 1693 1061 1935 1101; x_wconf 87' lang='lat' dir='ltr'><strong>dinoscitur”</strong></span> <span class='ocrx_word' id='word_1_148' title='bbox 1974 1063 2218 1108; x_wconf 83' lang='lat' dir='ltr'><strong>renuntiare,</strong></span> <span class='ocrx_word' id='word_1_149' title='bbox 2262 1061 2402 1100; x_wconf 86' lang='lat' dir='ltr'><strong>“salvo</strong></span> <span class='ocrx_word' id='word_1_150' title='bbox 2447 1059 2522 1100; x_wconf 83' lang='lat' dir='ltr'><strong>sibi</strong></span> 
     </span>
     <span class='ocr_line' id='line_1_23' title="bbox 308 1132 2517 1187; baseline -0.006 -4"><span class='ocrx_word' id='word_1_151' title='bbox 308 1150 433 1183; x_wconf 84' lang='lat' dir='ltr'><strong>tamen</strong></span> <span class='ocrx_word' id='word_1_152' title='bbox 466 1145 595 1180; x_wconf 88' lang='lat' dir='ltr'><strong>castro</strong></span> <span class='ocrx_word' id='word_1_153' title='bbox 625 1135 945 1187; x_wconf 79' lang='lat' dir='ltr'><strong>Hakimscough&#39;’</strong></span> <span class='ocrx_word' id='word_1_154' title='bbox 989 1148 1076 1173; x_wconf 90' lang='lat' dir='ltr'><strong>cum</strong></span> <span class='ocrx_word' id='word_1_155' title='bbox 1101 1134 1191 1185; x_wconf 83' lang='lat' dir='ltr'><strong>jure</strong></span> <span class='ocrx_word' id='word_1_156' title='bbox 1227 1135 1268 1170; x_wconf 91' lang='lat' dir='ltr'><strong>et</strong></span> <span class='ocrx_word' id='word_1_157' title='bbox 1303 1132 1572 1183; x_wconf 88' lang='lat' dir='ltr'><strong>pertinentiis,</strong></span> <span class='ocrx_word' id='word_1_158' title='bbox 1614 1145 1685 1184; x_wconf 90' lang='lat' dir='ltr'><strong>pro</strong></span> <span class='ocrx_word' id='word_1_159' title='bbox 1717 1136 1884 1185; x_wconf 87' lang='lat' dir='ltr'><strong>quatuor</strong></span> <span class='ocrx_word' id='word_1_160' title='bbox 1921 1132 2097 1171; x_wconf 88' lang='lat' dir='ltr'><strong>millibus</strong></span> <span class='ocrx_word' id='word_1_161' title='bbox 2125 1145 2343 1170; x_wconf 90' lang='lat' dir='ltr'><strong>marcarum</strong></span> <span class='ocrx_word' id='word_1_162' title='bbox 2379 1132 2416 1170; x_wconf 88' lang='lat' dir='ltr'><strong>ei</strong></span> <span class='ocrx_word' id='word_1_163' title='bbox 2452 1145 2517 1183; x_wconf 87' lang='lat' dir='ltr'><strong>op-</strong></span> 
     </span>
     <span class='ocr_line' id='line_1_24' title="bbox 306 1201 2520 1266; baseline -0.005 -16"><span class='ocrx_word' id='word_1_164' title='bbox 306 1215 522 1266; x_wconf 76' lang='lat' dir='ltr'><strong>pignorato.</strong></span> <span class='ocrx_word' id='word_1_165' title='bbox 577 1208 762 1248; x_wconf 85' lang='lat' dir='ltr'><strong>Facultas</strong></span> <span class='ocrx_word' id='word_1_166' title='bbox 792 1206 910 1244; x_wconf 78' lang='lat' dir='ltr'><strong>castri</strong></span> <span class='ocrx_word' id='word_1_167' title='bbox 940 1202 1157 1242; x_wconf 83' lang='lat' dir='ltr'><strong>redimendi</strong></span> <span class='ocrx_word' id='word_1_168' title='bbox 1185 1216 1256 1255; x_wconf 91' lang='lat' dir='ltr'><strong>pro</strong></span> <span class='ocrx_word' id='word_1_169' title='bbox 1287 1215 1453 1240; x_wconf 58' lang='lat' dir='ltr'><strong>summa</strong></span> <span class='ocrx_word' id='word_1_170' title='bbox 1471 1201 1667 1246; x_wconf 82' lang='lat' dir='ltr'><strong>antedicta</strong></span> <span class='ocrx_word' id='word_1_171' title='bbox 1696 1204 1778 1254; x_wconf 77' lang='lat' dir='ltr'><strong>regi</strong></span> <span class='ocrx_word' id='word_1_172' title='bbox 1809 1203 2052 1242; x_wconf 86' lang='lat' dir='ltr'><strong>conceditur.</strong></span> <span class='ocrx_word' id='word_1_173' title='bbox 2093 1225 2141 1230; x_wconf 95' lang='lat'><strong>—</strong></span> <span class='ocrx_word' id='word_1_174' title='bbox 2188 1202 2231 1241; x_wconf 89' lang='lat' dir='ltr'><strong>Si</strong></span> <span class='ocrx_word' id='word_1_175' title='bbox 2270 1215 2362 1240; x_wconf 88' lang='lat' dir='ltr'><strong>vero</strong></span> <span class='ocrx_word' id='word_1_176' title='bbox 2392 1202 2520 1239; x_wconf 88' lang='lat' dir='ltr'><strong>matri-</strong></span> 
     </span>
     <span class='ocr_line' id='line_1_25' title="bbox 306 1271 2521 1330; baseline -0.005 -9"><span class='ocrx_word' id='word_1_177' title='bbox 306 1284 475 1321; x_wconf 88' lang='lat' dir='ltr'><strong>monium</strong></span> <span class='ocrx_word' id='word_1_178' title='bbox 506 1294 580 1318; x_wconf 93' lang='lat' dir='ltr'><strong>non</strong></span> <span class='ocrx_word' id='word_1_179' title='bbox 609 1276 862 1330; x_wconf 88' lang='lat' dir='ltr'><strong>processerit,</strong></span> <span class='ocrx_word' id='word_1_180' title='bbox 893 1274 982 1312; x_wconf 91' lang='lat' dir='ltr'><strong>duci</strong></span> <span class='ocrx_word' id='word_1_181' title='bbox 1012 1273 1144 1319; x_wconf 89' lang='lat' dir='ltr'><strong>libera,</strong></span> <span class='ocrx_word' id='word_1_182' title='bbox 1174 1276 1218 1310; x_wconf 88' lang='lat' dir='ltr'><strong>ut</strong></span> <span class='ocrx_word' id='word_1_183' title='bbox 1247 1275 1374 1318; x_wconf 83' lang='lat' dir='ltr'><strong>antea,</strong></span> <span class='ocrx_word' id='word_1_184' title='bbox 1404 1273 1508 1310; x_wconf 88' lang='lat' dir='ltr'><strong>actio</strong></span> <span class='ocrx_word' id='word_1_185' title='bbox 1538 1276 1674 1311; x_wconf 86' lang='lat' dir='ltr'><strong>contra</strong></span> <span class='ocrx_word' id='word_1_186' title='bbox 1703 1286 1837 1324; x_wconf 82' lang='lat' dir='ltr'><strong>regem</strong></span> <span class='ocrx_word' id='word_1_187' title='bbox 1868 1277 1908 1311; x_wconf 92' lang='lat' dir='ltr'><strong>et</strong></span> <span class='ocrx_word' id='word_1_188' title='bbox 1934 1287 2096 1325; x_wconf 80' lang='lat' dir='ltr'><strong>regnum</strong></span> <span class='ocrx_word' id='word_1_189' title='bbox 2118 1273 2256 1312; x_wconf 86' lang='lat' dir='ltr'><strong>Daniae</strong></span> <span class='ocrx_word' id='word_1_190' title='bbox 2279 1271 2521 1317; x_wconf 86' lang='lat' dir='ltr'><strong>conceditur,</strong></span> 
     </span>
    </p>
   </div>
   <div class='ocr_carea' id='block_1_14' title="bbox 307 1341 1967 1455">
    <p class='ocr_par' dir='ltr' id='par_1_14' title="bbox 307 1341 1967 1455">
     <span class='ocr_line' id='line_1_26' title="bbox 307 1341 1967 1404; baseline -0.004 -16"><span class='ocrx_word' id='word_1_191' title='bbox 307 1366 374 1404; x_wconf 85' lang='lat' dir='ltr'><strong>pro</strong></span> <span class='ocrx_word' id='word_1_192' title='bbox 406 1350 578 1395; x_wconf 86' lang='lat' dir='ltr'><strong>damnis,</strong></span> <span class='ocrx_word' id='word_1_193' title='bbox 608 1346 794 1399; x_wconf 79' lang='lat' dir='ltr'><strong>expensis</strong></span> <span class='ocrx_word' id='word_1_194' title='bbox 823 1349 862 1383; x_wconf 93' lang='lat' dir='ltr'><strong>et</strong></span> <span class='ocrx_word' id='word_1_195' title='bbox 890 1345 1025 1382; x_wconf 90' lang='lat' dir='ltr'><strong>causis</strong></span> <span class='ocrx_word' id='word_1_196' title='bbox 1055 1342 1282 1395; x_wconf 87' lang='lat' dir='ltr'><strong>impetendi.</strong></span> <span class='ocrx_word' id='word_1_197' title='bbox 1312 1365 1362 1370; x_wconf 90' lang='lat'>—</span> <span class='ocrx_word' id='word_1_198' title='bbox 1394 1341 1668 1394; x_wconf 67' lang='lat' dir='ltr'><strong>Loneburqle,</strong></span> <span class='ocrx_word' id='word_1_199' title='bbox 1699 1342 1790 1381; x_wconf 83' lang='lat' dir='ltr'><strong>idus</strong></span> <span class='ocrx_word' id='word_1_200' title='bbox 1818 1343 1967 1382; x_wconf 85' lang='lat' dir='ltr'><strong>Martii.</strong></span> 
     </span>
     <span class='ocr_line' id='line_1_27' title="bbox 694 1411 1629 1455; baseline -0.003 -7"><span class='ocrx_word' id='word_1_201' title='bbox 694 1414 829 1448; x_wconf 76' lang='lat' dir='ltr'><strong>scheid.</strong></span> <span class='ocrx_word' id='word_1_202' title='bbox 857 1413 953 1455; x_wconf 83' lang='lat' dir='ltr'><strong>Orig.</strong></span> <span class='ocrx_word' id='word_1_203' title='bbox 981 1413 1094 1445; x_wconf 85' lang='lat' dir='ltr'><strong>Guelf.</strong></span> <span class='ocrx_word' id='word_1_204' title='bbox 1122 1414 1217 1444; x_wconf 85' lang='lat' dir='ltr'><strong>Tom.</strong></span> <span class='ocrx_word' id='word_1_205' title='bbox 1242 1412 1304 1444; x_wconf 88' lang='lat'><strong>111.</strong></span> <span class='ocrx_word' id='word_1_206' title='bbox 1333 1413 1438 1444; x_wconf 86' lang='lat' dir='ltr'><strong>Praef.</strong></span> <span class='ocrx_word' id='word_1_207' title='bbox 1466 1423 1546 1455; x_wconf 80' lang='lat' dir='ltr'><strong>pag.</strong></span> <span class='ocrx_word' id='word_1_208' title='bbox 1572 1411 1629 1445; x_wconf 84' lang='lat'><strong>90.</strong></span> 
     </span>
    </p>
   </div>
   <div class='ocr_carea' id='block_1_15' title="bbox 304 1462 2523 1878">
    <p class='ocr_par' dir='ltr' id='par_1_15' title="bbox 304 1462 2523 1878">
     <span class='ocr_line' id='line_1_28' title="bbox 567 1462 2523 1528; baseline -0.002 -11"><span class='ocrx_word' id='word_1_209' title='bbox 567 1478 722 1526; x_wconf 68' lang='lat'>[1261]</span> <span class='ocrx_word' id='word_1_210' title='bbox 778 1477 902 1516; x_wconf 74' lang='lat' dir='ltr'><strong>Enim</strong></span> <span class='ocrx_word' id='word_1_211' title='bbox 940 1475 1141 1514; x_wconf 89' lang='lat' dir='ltr'><strong>Danorum</strong></span> <span class='ocrx_word' id='word_1_212' title='bbox 1178 1475 1285 1525; x_wconf 75' lang='lat' dir='ltr'><strong>regis</strong></span> <span class='ocrx_word' id='word_1_213' title='bbox 1329 1473 1484 1521; x_wconf 89' lang='lat' dir='ltr'><strong>charta,</strong></span> <span class='ocrx_word' id='word_1_214' title='bbox 1530 1475 1567 1512; x_wconf 89' lang='lat' dir='ltr'><strong>in</strong></span> <span class='ocrx_word' id='word_1_215' title='bbox 1607 1487 1684 1528; x_wconf 88' lang='lat' dir='ltr'><strong>qua</strong></span> <span class='ocrx_word' id='word_1_216' title='bbox 1721 1473 1887 1512; x_wconf 84' lang='lat' dir='ltr'><strong>indicat:</strong></span> <span class='ocrx_word' id='word_1_217' title='bbox 1941 1473 2075 1526; x_wconf 85' lang='lat' dir='ltr'><strong>“quod</strong></span> <span class='ocrx_word' id='word_1_218' title='bbox 2119 1477 2208 1513; x_wconf 87' lang='lat' dir='ltr'><strong>octo</strong></span> <span class='ocrx_word' id='word_1_219' title='bbox 2249 1463 2391 1513; x_wconf 76' lang='lat' dir='ltr'><strong>diebus</strong></span> <span class='ocrx_word' id='word_1_220' title='bbox 2427 1462 2523 1526; x_wconf 75' lang='lat' dir='ltr'><strong>post</strong></span> 
     </span>
     <span class='ocr_line' id='line_1_29' title="bbox 305 1543 2523 1599; baseline -0.003 -9"><span class='ocrx_word' id='word_1_221' title='bbox 305 1551 450 1590; x_wconf 86' lang='lat' dir='ltr'><strong>festum</strong></span> <span class='ocrx_word' id='word_1_222' title='bbox 479 1549 517 1588; x_wconf 89' lang='lat' dir='ltr'><strong>b.</strong></span> <span class='ocrx_word' id='word_1_223' title='bbox 546 1548 776 1599; x_wconf 73' lang='lat' dir='ltr'><strong>VValburgis</strong></span> <span class='ocrx_word' id='word_1_224' title='bbox 813 1547 990 1598; x_wconf 80' lang='lat' dir='ltr'><strong>proxime</strong></span> <span class='ocrx_word' id='word_1_225' title='bbox 1021 1558 1123 1583; x_wconf 90' lang='lat' dir='ltr'><strong>nunc</strong></span> <span class='ocrx_word' id='word_1_226' title='bbox 1161 1543 1354 1591; x_wconf 83' lang='lat' dir='ltr'><strong>futurum,</strong></span> <span class='ocrx_word' id='word_1_227' title='bbox 1396 1544 1500 1583; x_wconf 88' lang='lat' dir='ltr'><strong>omni</strong></span> <span class='ocrx_word' id='word_1_228' title='bbox 1537 1545 1767 1597; x_wconf 86' lang='lat' dir='ltr'><strong>postposita</strong></span> <span class='ocrx_word' id='word_1_229' title='bbox 1807 1544 2038 1591; x_wconf 81' lang='lat' dir='ltr'><strong>occasione,</strong></span> <span class='ocrx_word' id='word_1_230' title='bbox 2083 1558 2286 1583; x_wconf 88' lang='lat' dir='ltr'><strong>occurrere</strong></span> <span class='ocrx_word' id='word_1_231' title='bbox 2329 1543 2523 1583; x_wconf 88' lang='lat' dir='ltr'><strong>debemus</strong></span> 
     </span>
     <span class='ocr_line' id='line_1_30' title="bbox 305 1614 2523 1671; baseline -0.003 -12"><span class='ocrx_word' id='word_1_232' title='bbox 305 1621 442 1660; x_wconf 85' lang='lat' dir='ltr'><strong>illustri</strong></span> <span class='ocrx_word' id='word_1_233' title='bbox 478 1619 643 1671; x_wconf 90' lang='lat' dir='ltr'><strong>principi</strong></span> <span class='ocrx_word' id='word_1_234' title='bbox 672 1617 828 1656; x_wconf 89' lang='lat' dir='ltr'><strong>domino</strong></span> <span class='ocrx_word' id='word_1_235' title='bbox 857 1615 1021 1654; x_wconf 87' lang='lat' dir='ltr'><strong>Alberto</strong></span> <span class='ocrx_word' id='word_1_236' title='bbox 1059 1614 1148 1653; x_wconf 88' lang='lat' dir='ltr'><strong>duci</strong></span> <span class='ocrx_word' id='word_1_237' title='bbox 1179 1614 1227 1653; x_wconf 87' lang='lat' dir='ltr'><strong>de</strong></span> <span class='ocrx_word' id='word_1_238' title='bbox 1256 1614 1494 1653; x_wconf 86' lang='lat' dir='ltr'><strong>Brunswick</strong></span> <span class='ocrx_word' id='word_1_239' title='bbox 1530 1616 1566 1653; x_wconf 90' lang='lat' dir='ltr'><strong>in</strong></span> <span class='ocrx_word' id='word_1_240' title='bbox 1597 1614 1758 1661; x_wconf 88' lang='lat' dir='ltr'><strong>Imbria,</strong></span> <span class='ocrx_word' id='word_1_241' title='bbox 1798 1615 1923 1665; x_wconf 83' lang='lat' dir='ltr'><strong>gratia</strong></span> <span class='ocrx_word' id='word_1_242' title='bbox 1951 1614 2184 1666; x_wconf 85' lang='lat' dir='ltr'><strong>placitandi,</strong></span> <span class='ocrx_word' id='word_1_243' title='bbox 2228 1618 2268 1653; x_wconf 89' lang='lat' dir='ltr'><strong>et</strong></span> <span class='ocrx_word' id='word_1_244' title='bbox 2303 1614 2523 1653; x_wconf 89' lang='lat' dir='ltr'><strong>secundum</strong></span> 
     </span>
     <span class='ocr_line' id='line_1_31' title="bbox 305 1683 2523 1740; baseline -0.003 -11"><span class='ocrx_word' id='word_1_245' title='bbox 305 1691 468 1729; x_wconf 87' lang='lat' dir='ltr'><strong>formam</strong></span> <span class='ocrx_word' id='word_1_246' title='bbox 506 1688 643 1740; x_wconf 82' lang='lat' dir='ltr'><strong>placiti</strong></span> <span class='ocrx_word' id='word_1_247' title='bbox 684 1701 756 1740; x_wconf 91' lang='lat' dir='ltr'><strong>per</strong></span> <span class='ocrx_word' id='word_1_248' title='bbox 784 1686 940 1724; x_wconf 88' lang='lat' dir='ltr'><strong>fratrem</strong></span> <span class='ocrx_word' id='word_1_249' title='bbox 976 1685 1209 1732; x_wconf 88' lang='lat' dir='ltr'><strong>Henricum,</strong></span> <span class='ocrx_word' id='word_1_250' title='bbox 1262 1685 1410 1723; x_wconf 88' lang='lat' dir='ltr'><strong>dictum</strong></span> <span class='ocrx_word' id='word_1_251' title='bbox 1451 1684 1499 1724; x_wconf 94' lang='lat' dir='ltr'><strong>de</strong></span> <span class='ocrx_word' id='word_1_252' title='bbox 1529 1683 1810 1730; x_wconf 88' lang='lat' dir='ltr'><strong>Hoenscheid,</strong></span> <span class='ocrx_word' id='word_1_253' title='bbox 1852 1684 2022 1736; x_wconf 89' lang='lat' dir='ltr'><strong>priorem</strong></span> <span class='ocrx_word' id='word_1_254' title='bbox 2061 1684 2266 1723; x_wconf 89' lang='lat' dir='ltr'><strong>domorum</strong></span> <span class='ocrx_word' id='word_1_255' title='bbox 2308 1684 2523 1737; x_wconf 87' lang='lat' dir='ltr'><strong>hospitalis</strong></span> 
     </span>
     <span class='ocr_line' id='line_1_32' title="bbox 304 1753 2523 1811; baseline -0.003 -12"><span class='ocrx_word' id='word_1_256' title='bbox 304 1759 623 1811; x_wconf 77' lang='lat' dir='ltr'><strong>Jerosolymitani</strong></span> <span class='ocrx_word' id='word_1_257' title='bbox 653 1758 780 1796; x_wconf 89' lang='lat' dir='ltr'><strong>sancti</strong></span> <span class='ocrx_word' id='word_1_258' title='bbox 808 1755 1000 1795; x_wconf 88' lang='lat' dir='ltr'><strong>Johannis</strong></span> <span class='ocrx_word' id='word_1_259' title='bbox 1028 1769 1099 1808; x_wconf 89' lang='lat' dir='ltr'><strong>per</strong></span> <span class='ocrx_word' id='word_1_260' title='bbox 1126 1755 1314 1802; x_wconf 81' lang='lat' dir='ltr'><strong>Daciam,</strong></span> <span class='ocrx_word' id='word_1_261' title='bbox 1345 1755 1530 1793; x_wconf 87' lang='lat' dir='ltr'><strong>Sveciam</strong></span> <span class='ocrx_word' id='word_1_262' title='bbox 1561 1758 1601 1793; x_wconf 92' lang='lat' dir='ltr'><strong>et</strong></span> <span class='ocrx_word' id='word_1_263' title='bbox 1627 1753 1887 1805; x_wconf 81' lang='lat' dir='ltr'><strong>Norvegiam,</strong></span> <span class='ocrx_word' id='word_1_264' title='bbox 1925 1753 2026 1793; x_wconf 86' lang='lat' dir='ltr'><strong>inter</strong></span> <span class='ocrx_word' id='word_1_265' title='bbox 2054 1769 2129 1793; x_wconf 87' lang='lat' dir='ltr'><strong>nos</strong></span> <span class='ocrx_word' id='word_1_266' title='bbox 2159 1754 2403 1801; x_wconf 88' lang='lat' dir='ltr'><strong>condictam,</strong></span> <span class='ocrx_word' id='word_1_267' title='bbox 2442 1768 2523 1794; x_wconf 90' lang='lat' dir='ltr'><strong>om·</strong></span> 
     </span>
     <span class='ocr_line' id='line_1_33' title="bbox 305 1823 2521 1878; baseline -0.002 -10"><span class='ocrx_word' id='word_1_268' title='bbox 305 1830 367 1868; x_wconf 89' lang='lat' dir='ltr'><strong>nia</strong></span> <span class='ocrx_word' id='word_1_269' title='bbox 397 1828 537 1868; x_wconf 86' lang='lat' dir='ltr'><strong>ibidem</strong></span> <span class='ocrx_word' id='word_1_270' title='bbox 562 1828 726 1867; x_wconf 87' lang='lat' dir='ltr'><strong>finaliter</strong></span> <span class='ocrx_word' id='word_1_271' title='bbox 747 1825 1013 1873; x_wconf 85' lang='lat' dir='ltr'><strong>terminandi”,</strong></span> <span class='ocrx_word' id='word_1_272' title='bbox 1044 1829 1096 1872; x_wconf 89' lang='lat' dir='ltr'><strong>et,</strong></span> <span class='ocrx_word' id='word_1_273' title='bbox 1127 1826 1161 1864; x_wconf 92' lang='lat' dir='ltr'><strong>si</strong></span> <span class='ocrx_word' id='word_1_274' title='bbox 1192 1839 1290 1864; x_wconf 89' lang='lat' dir='ltr'><strong>casu</strong></span> <span class='ocrx_word' id='word_1_275' title='bbox 1320 1824 1490 1878; x_wconf 84' lang='lat' dir='ltr'><strong>quodam</strong></span> <span class='ocrx_word' id='word_1_276' title='bbox 1515 1823 1734 1876; x_wconf 87' lang='lat' dir='ltr'><strong>impeditus</strong></span> <span class='ocrx_word' id='word_1_277' title='bbox 1759 1838 1781 1863; x_wconf 87' lang='lat' dir='ltr'><strong>a</strong></span> <span class='ocrx_word' id='word_1_278' title='bbox 1805 1824 2076 1864; x_wconf 90' lang='lat' dir='ltr'><strong>conveniendo</strong></span> <span class='ocrx_word' id='word_1_279' title='bbox 2103 1828 2228 1871; x_wconf 90' lang='lat' dir='ltr'><strong>esset,</strong></span> <span class='ocrx_word' id='word_1_280' title='bbox 2254 1824 2372 1863; x_wconf 83' lang='lat' dir='ltr'><strong>alium</strong></span> <span class='ocrx_word' id='word_1_281' title='bbox 2399 1823 2521 1877; x_wconf 86' lang='lat' dir='ltr'><strong>placi·</strong></span> 
     </span>
    </p>
   </div>
   <div class='ocr_carea' id='block_1_16' title="bbox 307 1893 2538 1947">
    <p class='ocr_par' dir='ltr' id='par_1_16' title="bbox 307 1893 2538 1947">
     <span class='ocr_line' id='line_1_34' title="bbox 307 1893 2538 1947; baseline -0.002 -8"><span class='ocrx_word' id='word_1_282' title='bbox 307 1899 413 1939; x_wconf 87' lang='lat' dir='ltr'><strong>tandi</strong></span> <span class='ocrx_word' id='word_1_283' title='bbox 443 1899 648 1938; x_wconf 90' lang='lat' dir='ltr'><strong>terminum</strong></span> <span class='ocrx_word' id='word_1_284' title='bbox 673 1897 766 1936; x_wconf 73' lang='lat' dir='ltr'><strong>VIII</strong></span> <span class='ocrx_word' id='word_1_285' title='bbox 791 1896 930 1935; x_wconf 87' lang='lat' dir='ltr'><strong>diebus</strong></span> <span class='ocrx_word' id='word_1_286' title='bbox 953 1899 1048 1947; x_wconf 92' lang='lat' dir='ltr'><strong>post</strong></span> <span class='ocrx_word' id='word_1_287' title='bbox 1081 1895 1228 1934; x_wconf 87' lang='lat' dir='ltr'><strong>festum</strong></span> <span class='ocrx_word' id='word_1_288' title='bbox 1248 1894 1447 1934; x_wconf 88' lang='lat' dir='ltr'><strong>Johannis</strong></span> <span class='ocrx_word' id='word_1_289' title='bbox 1470 1894 1653 1947; x_wconf 74' lang='lat' dir='ltr'><strong>baptista:</strong></span> <span class='ocrx_word' id='word_1_290' title='bbox 1678 1894 1865 1934; x_wconf 86' lang='lat' dir='ltr'><strong>destinat.</strong></span> <span class='ocrx_word' id='word_1_291' title='bbox 1890 1917 1938 1923; x_wconf 90' lang='lat'><strong>—-</strong></span> <span class='ocrx_word' id='word_1_292' title='bbox 1970 1893 2230 1947; x_wconf 70' lang='lat' dir='ltr'><strong>Loneburqlc,</strong></span> <span class='ocrx_word' id='word_1_293' title='bbox 2261 1894 2353 1934; x_wconf 91' lang='lat' dir='ltr'><strong>idus</strong></span> <span class='ocrx_word' id='word_1_294' title='bbox 2372 1894 2538 1939; x_wconf 59' lang='lat' dir='ltr'><strong>Martii„</strong></span> 
     </span>
    </p>
   </div>
   <div class='ocr_carea' id='block_1_17' title="bbox 305 1963 2521 2423">
    <p class='ocr_par' dir='ltr' id='par_1_17' title="bbox 695 1963 1764 2007">
     <span class='ocr_line' id='line_1_35' title="bbox 695 1963 1764 2007; baseline 0 -9"><span class='ocrx_word' id='word_1_295' title='bbox 695 1965 831 1999; x_wconf 79' lang='lat' dir='ltr'><strong>scheid.</strong></span> <span class='ocrx_word' id='word_1_296' title='bbox 858 1966 1017 2007; x_wconf 80' lang='lat' dir='ltr'><strong>Origines</strong></span> <span class='ocrx_word' id='word_1_297' title='bbox 1044 1966 1160 1998; x_wconf 86' lang='lat' dir='ltr'><strong>Guelf.</strong></span> <span class='ocrx_word' id='word_1_298' title='bbox 1186 1967 1280 1997; x_wconf 87' lang='lat' dir='ltr'><strong>Tom.</strong></span> <span class='ocrx_word' id='word_1_299' title='bbox 1306 1965 1370 1998; x_wconf 88' lang='lat'><strong>111.</strong></span> <span class='ocrx_word' id='word_1_300' title='bbox 1394 1965 1532 1997; x_wconf 86' lang='lat' dir='ltr'><strong>Praefat.</strong></span> <span class='ocrx_word' id='word_1_301' title='bbox 1558 1975 1588 2007; x_wconf 87' lang='lat' dir='ltr'><strong>p.</strong></span> <span class='ocrx_word' id='word_1_302' title='bbox 1614 1963 1764 1998; x_wconf 76' lang='lat'><strong>90—91.</strong></span> 
     </span>
    </p>

    <p class='ocr_par' dir='ltr' id='par_1_18' title="bbox 305 2015 2521 2224">
     <span class='ocr_line' id='line_1_36' title="bbox 566 2015 2521 2080; baseline 0 -14"><span class='ocrx_word' id='word_1_303' title='bbox 566 2027 721 2076; x_wconf 64' lang='lat'>[1262]</span> <span class='ocrx_word' id='word_1_304' title='bbox 778 2026 921 2066; x_wconf 85' lang='lat' dir='ltr'><strong>Literae</strong></span> <span class='ocrx_word' id='word_1_305' title='bbox 953 2027 1144 2067; x_wconf 65' lang='lat' dir='ltr'><strong>Tunoms</strong></span> <span class='ocrx_word' id='word_1_306' title='bbox 1176 2027 1394 2076; x_wconf 78' lang='lat' dir='ltr'><strong>(Tucole)</strong></span> <span class='ocrx_word' id='word_1_307' title='bbox 1426 2028 1606 2079; x_wconf 87' lang='lat' dir='ltr'><strong>episcopi</strong></span> <span class='ocrx_word' id='word_1_308' title='bbox 1636 2027 1851 2079; x_wconf 84' lang='lat' dir='ltr'><strong>Ripensis,</strong></span> <span class='ocrx_word' id='word_1_309' title='bbox 1894 2026 2041 2080; x_wconf 85' lang='lat' dir='ltr'><strong>quibus</strong></span> <span class='ocrx_word' id='word_1_310' title='bbox 2078 2026 2178 2065; x_wconf 86' lang='lat' dir='ltr'><strong>duas</strong></span> <span class='ocrx_word' id='word_1_311' title='bbox 2215 2039 2370 2066; x_wconf 86' lang='lat' dir='ltr'><strong>marcas</strong></span> <span class='ocrx_word' id='word_1_312' title='bbox 2400 2015 2521 2079; x_wconf 82' lang='lat' dir='ltr'><strong>siligi-</strong></span> 
     </span>
     <span class='ocr_line' id='line_1_37' title="bbox 306 2096 2520 2152; baseline -0.002 -12"><span class='ocrx_word' id='word_1_313' title='bbox 306 2103 390 2146; x_wconf 87' lang='lat' dir='ltr'><strong>nis,</strong></span> <span class='ocrx_word' id='word_1_314' title='bbox 435 2113 458 2139; x_wconf 88' lang='lat' dir='ltr'><strong>a</strong></span> <span class='ocrx_word' id='word_1_315' title='bbox 493 2102 682 2152; x_wconf 89' lang='lat' dir='ltr'><strong>perpetuo</strong></span> <span class='ocrx_word' id='word_1_316' title='bbox 720 2097 898 2137; x_wconf 80' lang='lat' dir='ltr'><strong>ecclesiae</strong></span> <span class='ocrx_word' id='word_1_317' title='bbox 927 2097 1077 2136; x_wconf 88' lang='lat' dir='ltr'><strong>Darum</strong></span> <span class='ocrx_word' id='word_1_318' title='bbox 1114 2099 1261 2137; x_wconf 80' lang='lat' dir='ltr'><strong>vicario</strong></span> <span class='ocrx_word' id='word_1_319' title='bbox 1293 2098 1504 2149; x_wconf 86' lang='lat' dir='ltr'><strong>quotannis</strong></span> <span class='ocrx_word' id='word_1_320' title='bbox 1546 2098 1855 2150; x_wconf 78' lang='lat' dir='ltr'><strong>persolvendas,</strong></span> <span class='ocrx_word' id='word_1_321' title='bbox 1894 2097 2141 2150; x_wconf 87' lang='lat' dir='ltr'><strong>pauperibus</strong></span> <span class='ocrx_word' id='word_1_322' title='bbox 2171 2096 2422 2136; x_wconf 87' lang='lat' dir='ltr'><strong>scholaribus</strong></span> <span class='ocrx_word' id='word_1_323' title='bbox 2451 2097 2520 2137; x_wconf 87' lang='lat' dir='ltr'><strong>Ri-</strong></span> 
     </span>
     <span class='ocr_line' id='line_1_38' title="bbox 305 2166 2162 2224; baseline -0.003 -14"><span class='ocrx_word' id='word_1_324' title='bbox 305 2170 496 2224; x_wconf 91' lang='lat' dir='ltr'><strong>pensibus</strong></span> <span class='ocrx_word' id='word_1_325' title='bbox 525 2169 657 2207; x_wconf 86' lang='lat' dir='ltr'><strong>donat.</strong></span> <span class='ocrx_word' id='word_1_326' title='bbox 687 2190 735 2195; x_wconf 97' lang='lat'><strong>—</strong></span> <span class='ocrx_word' id='word_1_327' title='bbox 767 2168 894 2220; x_wconf 79' lang='lat' dir='ltr'><strong>Apud</strong></span> <span class='ocrx_word' id='word_1_328' title='bbox 920 2169 1144 2207; x_wconf 78' lang='lat' dir='ltr'><strong>claustrum</strong></span> <span class='ocrx_word' id='word_1_329' title='bbox 1171 2168 1283 2208; x_wconf 76' lang='lat' dir='ltr'><strong>Loci</strong></span> <span class='ocrx_word' id='word_1_330' title='bbox 1310 2167 1415 2216; x_wconf 69' lang='lat' dir='ltr'><strong>Dei,</strong></span> <span class='ocrx_word' id='word_1_331' title='bbox 1446 2169 1484 2206; x_wconf 91' lang='lat' dir='ltr'><strong>in</strong></span> <span class='ocrx_word' id='word_1_332' title='bbox 1515 2166 1713 2207; x_wconf 90' lang='lat' dir='ltr'><strong>dominica</strong></span> <span class='ocrx_word' id='word_1_333' title='bbox 1741 2168 1897 2207; x_wconf 80' lang='lat' dir='ltr'><strong>Laetare</strong></span> <span class='ocrx_word' id='word_1_334' title='bbox 1926 2167 2162 2206; x_wconf 87' lang='lat' dir='ltr'><strong>Jerusalem.</strong></span> 
     </span>
    </p>

    <p class='ocr_par' dir='ltr' id='par_1_19' title="bbox 693 2237 1390 2281">
     <span class='ocr_line' id='line_1_39' title="bbox 693 2237 1390 2281; baseline 0.001 -12"><span class='ocrx_word' id='word_1_335' title='bbox 693 2239 864 2281; x_wconf 79' lang='lat' dir='ltr'><strong>Terpager</strong></span> <span class='ocrx_word' id='word_1_336' title='bbox 888 2238 981 2281; x_wconf 84' lang='lat' dir='ltr'><strong>Ripae</strong></span> <span class='ocrx_word' id='word_1_337' title='bbox 1009 2238 1194 2280; x_wconf 26' lang='lat' dir='ltr'><strong>Cimbr.⁸p.</strong></span> <span class='ocrx_word' id='word_1_338' title='bbox 1219 2237 1390 2270; x_wconf 19' lang='lat'><strong>4971—95.</strong></span> 
     </span>
    </p>

    <p class='ocr_par' dir='ltr' id='par_1_20' title="bbox 561 2298 2520 2353">
     <span class='ocr_line' id='line_1_40' title="bbox 561 2298 2520 2353; baseline 0.001 -15"><span class='ocrx_word' id='word_1_339' title='bbox 561 2299 715 2348; x_wconf 65' lang='lat'>[1263]</span> <span class='ocrx_word' id='word_1_340' title='bbox 771 2299 958 2339; x_wconf 75' lang='lat' dir='ltr'><strong>N1coLA1</strong></span> <span class='ocrx_word' id='word_1_341' title='bbox 1002 2298 1126 2349; x_wconf 69' lang='lat' dir='ltr'><strong>(lllffi)</strong></span> <span class='ocrx_word' id='word_1_342' title='bbox 1171 2313 1283 2352; x_wconf 70' lang='lat' dir='ltr'><strong>papae</strong></span> <span class='ocrx_word' id='word_1_343' title='bbox 1327 2299 1378 2338; x_wconf 90' lang='lat' dir='ltr'><strong>ad</strong></span> <span class='ocrx_word' id='word_1_344' title='bbox 1417 2298 1614 2338; x_wconf 86' lang='lat' dir='ltr'><strong>Jacobum</strong></span> <span class='ocrx_word' id='word_1_345' title='bbox 1658 2299 1827 2338; x_wconf 89' lang='lat' dir='ltr'><strong>electum</strong></span> <span class='ocrx_word' id='word_1_346' title='bbox 1866 2298 2135 2351; x_wconf 88' lang='lat' dir='ltr'><strong>Upsalensem</strong></span> <span class='ocrx_word' id='word_1_347' title='bbox 2179 2298 2370 2351; x_wconf 84' lang='lat' dir='ltr'><strong>epistola,</strong></span> <span class='ocrx_word' id='word_1_348' title='bbox 2415 2300 2520 2353; x_wconf 88' lang='lat' dir='ltr'><strong>quod</strong></span> 
     </span>
    </p>

    <p class='ocr_par' dir='ltr' id='par_1_21' title="bbox 307 2369 2521 2423">
     <span class='ocr_line' id='line_1_41' title="bbox 307 2369 2521 2423; baseline 0 -14"><span class='ocrx_word' id='word_1_349' title='bbox 307 2370 505 2423; x_wconf 89' lang='lat' dir='ltr'><strong>episcopis</strong></span> <span class='ocrx_word' id='word_1_350' title='bbox 534 2369 773 2422; x_wconf 88' lang='lat' dir='ltr'><strong>Lincopensi</strong></span> <span class='ocrx_word' id='word_1_351' title='bbox 805 2373 844 2408; x_wconf 88' lang='lat' dir='ltr'><strong>et</strong></span> <span class='ocrx_word' id='word_1_352' title='bbox 872 2370 1135 2409; x_wconf 85' lang='lat' dir='ltr'><strong>Roskildensi</strong></span> <span class='ocrx_word' id='word_1_353' title='bbox 1166 2369 1329 2422; x_wconf 86' lang='lat' dir='ltr'><strong>pallium</strong></span> <span class='ocrx_word' id='word_1_354' title='bbox 1360 2370 1531 2408; x_wconf 89' lang='lat' dir='ltr'><strong>missum</strong></span> <span class='ocrx_word' id='word_1_355' title='bbox 1562 2370 1634 2414; x_wconf 88' lang='lat' dir='ltr'><strong>sit,</strong></span> <span class='ocrx_word' id='word_1_356' title='bbox 1666 2371 1700 2408; x_wconf 89' lang='lat' dir='ltr'><strong>ei</strong></span> <span class='ocrx_word' id='word_1_357' title='bbox 1732 2369 1983 2414; x_wconf 86' lang='lat' dir='ltr'><strong>tradendum,</strong></span> <span class='ocrx_word' id='word_1_358' title='bbox 2016 2370 2070 2407; x_wconf 89' lang='lat' dir='ltr'><strong>ita</strong></span> <span class='ocrx_word' id='word_1_359' title='bbox 2103 2373 2234 2407; x_wconf 88' lang='lat' dir='ltr'><strong>tamen</strong></span> <span class='ocrx_word' id='word_1_360' title='bbox 2265 2373 2309 2407; x_wconf 90' lang='lat' dir='ltr'><strong>ut</strong></span> <span class='ocrx_word' id='word_1_361' title='bbox 2341 2370 2521 2410; x_wconf 86' lang='lat' dir='ltr'><strong>ecclesiae</strong></span> 
     </span>
    </p>
   </div>
   <div class='ocr_carea' id='block_1_18' title="bbox 307 2438 2521 2614">
    <p class='ocr_par' dir='ltr' id='par_1_22' title="bbox 307 2438 2521 2614">
     <span class='ocr_line' id='line_1_42' title="bbox 307 2438 2274 2491; baseline -0.002 -12"><span class='ocrx_word' id='word_1_362' title='bbox 307 2440 509 2480; x_wconf 89' lang='lat' dir='ltr'><strong>Lundensi</strong></span> <span class='ocrx_word' id='word_1_363' title='bbox 538 2439 634 2478; x_wconf 92' lang='lat' dir='ltr'><strong>nihil</strong></span> <span class='ocrx_word' id='word_1_364' title='bbox 662 2439 877 2491; x_wconf 73' lang='lat' dir='ltr'><strong>praejudicii</strong></span> <span class='ocrx_word' id='word_1_365' title='bbox 908 2440 999 2479; x_wconf 89' lang='lat' dir='ltr'><strong>inde</strong></span> <span class='ocrx_word' id='word_1_366' title='bbox 1030 2441 1188 2478; x_wconf 88' lang='lat' dir='ltr'><strong>oriatur.</strong></span> <span class='ocrx_word' id='word_1_367' title='bbox 1219 2461 1268 2467; x_wconf 88' lang='lat'>—</span> <span class='ocrx_word' id='word_1_368' title='bbox 1299 2439 1458 2488; x_wconf 80' lang='lat' dir='ltr'><strong>Romce,</strong></span> <span class='ocrx_word' id='word_1_369' title='bbox 1489 2441 1605 2478; x_wconf 89' lang='lat' dir='ltr'><strong>nonis</strong></span> <span class='ocrx_word' id='word_1_370' title='bbox 1633 2439 1806 2491; x_wconf 83' lang='lat' dir='ltr'><strong>Aprilis,</strong></span> <span class='ocrx_word' id='word_1_371' title='bbox 1835 2438 1974 2491; x_wconf 88' lang='lat' dir='ltr'><strong>pontif.</strong></span> <span class='ocrx_word' id='word_1_372' title='bbox 2004 2452 2104 2477; x_wconf 86' lang='lat' dir='ltr'><strong>anno</strong></span> <span class='ocrx_word' id='word_1_373' title='bbox 2135 2439 2274 2491; x_wconf 88' lang='lat' dir='ltr'><strong>primo.</strong></span> 
     </span>
     <span class='ocr_line' id='line_1_43' title="bbox 694 2508 2521 2553; baseline 0.001 -12"><span class='ocrx_word' id='word_1_374' title='bbox 694 2509 851 2541; x_wconf 77' lang='lat' dir='ltr'><strong>Vastovii</strong></span> <span class='ocrx_word' id='word_1_375' title='bbox 876 2510 972 2542; x_wconf 64' lang='lat' dir='ltr'><strong>Vitis</strong></span> <span class='ocrx_word' id='word_1_376' title='bbox 1005 2510 1176 2553; x_wconf 82' lang='lat' dir='ltr'><strong>aquilonia</strong></span> <span class='ocrx_word' id='word_1_377' title='bbox 1213 2521 1245 2552; x_wconf 88' lang='lat' dir='ltr'><strong>p.</strong></span> <span class='ocrx_word' id='word_1_378' title='bbox 1282 2509 1450 2542; x_wconf 85' lang='lat'><strong>187—88.</strong></span> <span class='ocrx_word' id='word_1_379' title='bbox 1510 2508 1687 2550; x_wconf 82' lang='lat' dir='ltr'><strong>Liljegren</strong></span> <span class='ocrx_word' id='word_1_380' title='bbox 1712 2508 1859 2551; x_wconf 80' lang='lat' dir='ltr'><strong>DIplom.</strong></span> <span class='ocrx_word' id='word_1_381' title='bbox 1886 2512 2027 2541; x_wconf 79' lang='lat' dir='ltr'><strong>Svecan.</strong></span> <span class='ocrx_word' id='word_1_382' title='bbox 2052 2509 2078 2541; x_wconf 91' lang='grc' dir='ltr'><strong>Ι.</strong></span> <span class='ocrx_word' id='word_1_383' title='bbox 2104 2518 2159 2541; x_wconf 88' lang='lat' dir='ltr'><strong>no.</strong></span> <span class='ocrx_word' id='word_1_384' title='bbox 2185 2508 2266 2541; x_wconf 71' lang='lat'><strong>641.</strong></span> <span class='ocrx_word' id='word_1_385' title='bbox 2291 2520 2323 2552; x_wconf 89' lang='lat' dir='ltr'><strong>p.</strong></span> <span class='ocrx_word' id='word_1_386' title='bbox 2349 2510 2521 2545; x_wconf 72' lang='lat'><strong>524—25.</strong></span> 
     </span>
     <span class='ocr_line' id='line_1_44' title="bbox 696 2570 1823 2614; baseline 0 -12"><span class='ocrx_word' id='word_1_387' title='bbox 696 2571 786 2613; x_wconf 87' lang='lat' dir='ltr'><strong>Epit.</strong></span> <span class='ocrx_word' id='word_1_388' title='bbox 811 2571 843 2603; x_wconf 92' lang='lat' dir='ltr'><strong>in</strong></span> <span class='ocrx_word' id='word_1_389' title='bbox 869 2571 1059 2604; x_wconf 76' lang='lat' dir='ltr'><strong>Neumanni</strong></span> <span class='ocrx_word' id='word_1_390' title='bbox 1085 2572 1175 2604; x_wconf 85' lang='lat' dir='ltr'><strong>Hist.</strong></span> <span class='ocrx_word' id='word_1_391' title='bbox 1202 2571 1368 2614; x_wconf 86' lang='lat' dir='ltr'><strong>primatus</strong></span> <span class='ocrx_word' id='word_1_392' title='bbox 1392 2571 1566 2604; x_wconf 88' lang='lat' dir='ltr'><strong>Lundens.</strong></span> <span class='ocrx_word' id='word_1_393' title='bbox 1591 2582 1624 2614; x_wconf 91' lang='lat' dir='ltr'><strong>p.</strong></span> <span class='ocrx_word' id='word_1_394' title='bbox 1653 2570 1823 2603; x_wconf 79' lang='lat'><strong>171—72.</strong></span> 
     </span>
    </p>
   </div>
   <div class='ocr_carea' id='block_1_19' title="bbox 309 2631 2521 3366">
    <p class='ocr_par' dir='ltr' id='par_1_23' title="bbox 494 2631 2521 2686">
     <span class='ocr_line' id='line_1_45' title="bbox 494 2631 2521 2686; baseline 0.002 -16"><span class='ocrx_word' id='word_1_395' title='bbox 494 2642 501 2645; x_wconf 53' lang='lat'><em>⁷</em></span> <span class='ocrx_word' id='word_1_396' title='bbox 567 2632 702 2680; x_wconf 66' lang='lat'>1264]</span> <span class='ocrx_word' id='word_1_397' title='bbox 759 2632 938 2672; x_wconf 69' lang='lat' dir='ltr'><strong>Nmomu</strong></span> <span class='ocrx_word' id='word_1_398' title='bbox 985 2631 1111 2681; x_wconf 71' lang='lat' dir='ltr'><strong>(lllffi)</strong></span> <span class='ocrx_word' id='word_1_399' title='bbox 1155 2647 1268 2686; x_wconf 83' lang='lat' dir='ltr'><strong>papae</strong></span> <span class='ocrx_word' id='word_1_400' title='bbox 1312 2633 1362 2672; x_wconf 87' lang='lat' dir='ltr'><strong>ad</strong></span> <span class='ocrx_word' id='word_1_401' title='bbox 1404 2633 1606 2672; x_wconf 88' lang='lat' dir='ltr'><strong>Andream</strong></span> <span class='ocrx_word' id='word_1_402' title='bbox 1650 2633 1882 2671; x_wconf 88' lang='lat' dir='ltr'><strong>canonicum</strong></span> <span class='ocrx_word' id='word_1_403' title='bbox 1924 2631 2191 2684; x_wconf 87' lang='lat' dir='ltr'><strong>Upsalensem</strong></span> <span class='ocrx_word' id='word_1_404' title='bbox 2233 2636 2274 2671; x_wconf 90' lang='lat' dir='ltr'><strong>et</strong></span> <span class='ocrx_word' id='word_1_405' title='bbox 2316 2632 2521 2674; x_wconf 90' lang='lat' dir='ltr'><strong>Simonem</strong></span> 
     </span>
    </p>

    <p class='ocr_par' dir='ltr' id='par_1_24' title="bbox 309 2700 2520 2756">
     <span class='ocr_line' id='line_1_46' title="bbox 309 2700 2520 2756; baseline 0.002 -18"><span class='ocrx_word' id='word_1_406' title='bbox 309 2704 496 2739; x_wconf 90' lang='lat' dir='ltr'><strong>rectorem</strong></span> <span class='ocrx_word' id='word_1_407' title='bbox 533 2702 711 2740; x_wconf 85' lang='lat' dir='ltr'><strong>ecclesiae</strong></span> <span class='ocrx_word' id='word_1_408' title='bbox 754 2702 802 2742; x_wconf 88' lang='lat' dir='ltr'><strong>de</strong></span> <span class='ocrx_word' id='word_1_409' title='bbox 839 2701 1030 2742; x_wconf 90' lang='lat' dir='ltr'><strong>Piristum</strong></span> <span class='ocrx_word' id='word_1_410' title='bbox 1067 2703 1310 2756; x_wconf 84' lang='lat' dir='ltr'><strong>Upsalensis</strong></span> <span class='ocrx_word' id='word_1_411' title='bbox 1346 2703 1549 2742; x_wconf 87' lang='lat' dir='ltr'><strong>dioecesis</strong></span> <span class='ocrx_word' id='word_1_412' title='bbox 1578 2702 1827 2748; x_wconf 86' lang='lat' dir='ltr'><strong>mandatum,</strong></span> <span class='ocrx_word' id='word_1_413' title='bbox 1870 2704 1914 2739; x_wconf 89' lang='lat' dir='ltr'><strong>ut</strong></span> <span class='ocrx_word' id='word_1_414' title='bbox 1941 2700 2104 2754; x_wconf 86' lang='lat' dir='ltr'><strong>pallium</strong></span> <span class='ocrx_word' id='word_1_415' title='bbox 2144 2701 2270 2740; x_wconf 89' lang='lat' dir='ltr'><strong>electo</strong></span> <span class='ocrx_word' id='word_1_416' title='bbox 2302 2702 2520 2755; x_wconf 86' lang='lat' dir='ltr'><strong>Upsalensi</strong></span> 
     </span>
    </p>

    <p class='ocr_par' dir='ltr' id='par_1_25' title="bbox 311 2769 2520 2824">
     <span class='ocr_line' id='line_1_47' title="bbox 311 2769 2520 2824; baseline 0.004 -18"><span class='ocrx_word' id='word_1_417' title='bbox 311 2769 544 2808; x_wconf 86' lang='lat' dir='ltr'><strong>destinatum</strong></span> <span class='ocrx_word' id='word_1_418' title='bbox 576 2772 778 2823; x_wconf 87' lang='lat' dir='ltr'><strong>episcopis</strong></span> <span class='ocrx_word' id='word_1_419' title='bbox 806 2771 1048 2824; x_wconf 89' lang='lat' dir='ltr'><strong>Lincopensi</strong></span> <span class='ocrx_word' id='word_1_420' title='bbox 1092 2777 1132 2812; x_wconf 89' lang='lat' dir='ltr'><strong>et</strong></span> <span class='ocrx_word' id='word_1_421' title='bbox 1159 2772 1422 2812; x_wconf 84' lang='lat' dir='ltr'><strong>Roskildensi</strong></span> <span class='ocrx_word' id='word_1_422' title='bbox 1458 2772 1624 2811; x_wconf 87' lang='lat' dir='ltr'><strong>fideliter</strong></span> <span class='ocrx_word' id='word_1_423' title='bbox 1660 2772 1827 2811; x_wconf 84' lang='lat' dir='ltr'><strong>tradant.</strong></span> <span class='ocrx_word' id='word_1_424' title='bbox 1897 2770 2023 2810; x_wconf 87' lang='lat' dir='ltr'><strong>Addit</strong></span> <span class='ocrx_word' id='word_1_425' title='bbox 2065 2772 2205 2817; x_wconf 87' lang='lat' dir='ltr'><strong>etiam,</strong></span> <span class='ocrx_word' id='word_1_426' title='bbox 2242 2772 2404 2823; x_wconf 84' lang='lat' dir='ltr'><strong>pallium</strong></span> <span class='ocrx_word' id='word_1_427' title='bbox 2442 2773 2520 2814; x_wconf 84' lang='lat' dir='ltr'><strong>hoc</strong></span> 
     </span>
    </p>

    <p class='ocr_par' dir='ltr' id='par_1_26' title="bbox 312 2838 2519 2956">
     <span class='ocr_line' id='line_1_48' title="bbox 312 2838 2519 2895; baseline 0.004 -20"><span class='ocrx_word' id='word_1_428' title='bbox 312 2838 426 2876; x_wconf 88' lang='lat' dir='ltr'><strong>modo</strong></span> <span class='ocrx_word' id='word_1_429' title='bbox 450 2840 548 2877; x_wconf 85' lang='lat' dir='ltr'><strong>mitti</strong></span> <span class='ocrx_word' id='word_1_430' title='bbox 573 2841 658 2878; x_wconf 85' lang='lat' dir='ltr'><strong>sine</strong></span> <span class='ocrx_word' id='word_1_431' title='bbox 677 2840 754 2877; x_wconf 90' lang='lat' dir='ltr'><strong>ullo</strong></span> <span class='ocrx_word' id='word_1_432' title='bbox 778 2841 1006 2893; x_wconf 76' lang='lat' dir='ltr'><strong>praejudicio</strong></span> <span class='ocrx_word' id='word_1_433' title='bbox 1031 2844 1212 2882; x_wconf 77' lang='lat' dir='ltr'><strong>ecclesiae</strong></span> <span class='ocrx_word' id='word_1_434' title='bbox 1234 2842 1479 2886; x_wconf 86' lang='lat' dir='ltr'><strong>Lundensis.</strong></span> <span class='ocrx_word' id='word_1_435' title='bbox 1504 2864 1554 2870; x_wconf 94' lang='lat'>—</span> <span class='ocrx_word' id='word_1_436' title='bbox 1579 2842 1730 2889; x_wconf 77' lang='lat' dir='ltr'><strong>Romce,</strong></span> <span class='ocrx_word' id='word_1_437' title='bbox 1760 2841 1874 2879; x_wconf 92' lang='lat' dir='ltr'><strong>nonis</strong></span> <span class='ocrx_word' id='word_1_438' title='bbox 1900 2840 2062 2892; x_wconf 85' lang='lat' dir='ltr'><strong>Aprilis,</strong></span> <span class='ocrx_word' id='word_1_439' title='bbox 2090 2841 2231 2893; x_wconf 88' lang='lat' dir='ltr'><strong>pontif.</strong></span> <span class='ocrx_word' id='word_1_440' title='bbox 2255 2855 2355 2882; x_wconf 87' lang='lat' dir='ltr'><strong>anno</strong></span> <span class='ocrx_word' id='word_1_441' title='bbox 2378 2845 2519 2895; x_wconf 86' lang='lat' dir='ltr'><strong>primo.</strong></span> 
     </span>
     <span class='ocr_line' id='line_1_49' title="bbox 700 2910 2444 2956; baseline 0.003 -16"><span class='ocrx_word' id='word_1_442' title='bbox 700 2910 855 2941; x_wconf 80' lang='lat' dir='ltr'><strong>Vastovii</strong></span> <span class='ocrx_word' id='word_1_443' title='bbox 880 2911 973 2944; x_wconf 77' lang='lat' dir='ltr'><strong>Vitis</strong></span> <span class='ocrx_word' id='word_1_444' title='bbox 998 2913 1141 2956; x_wconf 82' lang='lat' dir='ltr'><strong>aquilon.</strong></span> <span class='ocrx_word' id='word_1_445' title='bbox 1168 2924 1199 2956; x_wconf 91' lang='lat' dir='ltr'><strong>p.</strong></span> <span class='ocrx_word' id='word_1_446' title='bbox 1229 2913 1304 2945; x_wconf 80' lang='lat'><strong>188.</strong></span> <span class='ocrx_word' id='word_1_447' title='bbox 1352 2911 1531 2953; x_wconf 76' lang='lat' dir='ltr'><strong>LilJegren</strong></span> <span class='ocrx_word' id='word_1_448' title='bbox 1556 2911 1782 2954; x_wconf 86' lang='lat' dir='ltr'><strong>Diplomatar.</strong></span> <span class='ocrx_word' id='word_1_449' title='bbox 1811 2912 1953 2942; x_wconf 81' lang='lat' dir='ltr'><strong>Svecan.</strong></span> <span class='ocrx_word' id='word_1_450' title='bbox 1978 2911 2004 2942; x_wconf 91' lang='lat'><strong>1.</strong></span> <span class='ocrx_word' id='word_1_451' title='bbox 2028 2919 2083 2941; x_wconf 90' lang='lat' dir='ltr'><strong>no.</strong></span> <span class='ocrx_word' id='word_1_452' title='bbox 2109 2910 2189 2942; x_wconf 75' lang='lat'><strong>643.</strong></span> <span class='ocrx_word' id='word_1_453' title='bbox 2215 2922 2245 2953; x_wconf 88' lang='lat' dir='ltr'><strong>p.</strong></span> <span class='ocrx_word' id='word_1_454' title='bbox 2271 2912 2444 2947; x_wconf 78' lang='lat'><strong>526—27.</strong></span> 
     </span>
    </p>

    <p class='ocr_par' dir='ltr' id='par_1_27' title="bbox 573 2969 2520 3026">
     <span class='ocr_line' id='line_1_50' title="bbox 573 2969 2520 3026; baseline 0.005 -21"><span class='ocrx_word' id='word_1_455' title='bbox 573 2969 726 3016; x_wconf 66' lang='lat'>[1265]</span> <span class='ocrx_word' id='word_1_456' title='bbox 782 2969 966 3010; x_wconf 66' lang='lat' dir='ltr'><strong>Nicoml</strong></span> <span class='ocrx_word' id='word_1_457' title='bbox 997 2972 1121 3023; x_wconf 65' lang='lat' dir='ltr'><strong>(llltii)</strong></span> <span class='ocrx_word' id='word_1_458' title='bbox 1159 2987 1271 3026; x_wconf 88' lang='lat' dir='ltr'><strong>papae</strong></span> <span class='ocrx_word' id='word_1_459' title='bbox 1302 2974 1352 3012; x_wconf 91' lang='lat' dir='ltr'><strong>ad</strong></span> <span class='ocrx_word' id='word_1_460' title='bbox 1379 2973 1722 3026; x_wconf 80' lang='lat' dir='ltr'><strong>Lingaeopensem</strong></span> <span class='ocrx_word' id='word_1_461' title='bbox 1753 2975 1793 3010; x_wconf 88' lang='lat' dir='ltr'><strong>et</strong></span> <span class='ocrx_word' id='word_1_462' title='bbox 1819 2970 2129 3010; x_wconf 86' lang='lat' dir='ltr'><strong>Roskildensem</strong></span> <span class='ocrx_word' id='word_1_463' title='bbox 2168 2973 2426 3026; x_wconf 90' lang='lat' dir='ltr'><strong>episcopum,</strong></span> <span class='ocrx_word' id='word_1_464' title='bbox 2470 2974 2520 3015; x_wconf 89' lang='lat' dir='ltr'><strong>de</strong></span> 
     </span>
    </p>

    <p class='ocr_par' dir='ltr' id='par_1_28' title="bbox 316 3030 2518 3095">
     <span class='ocr_line' id='line_1_51' title="bbox 316 3030 2518 3095; baseline 0.005 -21"><span class='ocrx_word' id='word_1_465' title='bbox 316 3036 432 3088; x_wconf 87' lang='lat' dir='ltr'><strong>pallio</strong></span> <span class='ocrx_word' id='word_1_466' title='bbox 462 3036 586 3075; x_wconf 91' lang='lat' dir='ltr'><strong>electo</strong></span> <span class='ocrx_word' id='word_1_467' title='bbox 615 3037 829 3088; x_wconf 84' lang='lat' dir='ltr'><strong>Upsalensi</strong></span> <span class='ocrx_word' id='word_1_468' title='bbox 858 3053 926 3090; x_wconf 90' lang='lat' dir='ltr'><strong>per</strong></span> <span class='ocrx_word' id='word_1_469' title='bbox 957 3054 1028 3079; x_wconf 91' lang='lat' dir='ltr'><strong>eos</strong></span> <span class='ocrx_word' id='word_1_470' title='bbox 1056 3043 1265 3091; x_wconf 87' lang='lat' dir='ltr'><strong>tradendo,</strong></span> <span class='ocrx_word' id='word_1_471' title='bbox 1296 3048 1425 3083; x_wconf 87' lang='lat' dir='ltr'><strong>tamen</strong></span> <span class='ocrx_word' id='word_1_472' title='bbox 1458 3044 1544 3082; x_wconf 91' lang='lat' dir='ltr'><strong>sine</strong></span> <span class='ocrx_word' id='word_1_473' title='bbox 1573 3041 1803 3095; x_wconf 65' lang='lat' dir='ltr'><strong>praejudicio</strong></span> <span class='ocrx_word' id='word_1_474' title='bbox 1834 3030 2014 3079; x_wconf 83' lang='lat' dir='ltr'><strong>ecclesiae</strong></span> <span class='ocrx_word' id='word_1_475' title='bbox 2037 3039 2282 3082; x_wconf 89' lang='lat' dir='ltr'><strong>Lundensis.</strong></span> <span class='ocrx_word' id='word_1_476' title='bbox 2301 3044 2518 3092; x_wconf 77' lang='lat' dir='ltr'><strong>—Romae‚</strong></span> 
     </span>
    </p>

    <p class='ocr_par' dir='ltr' id='par_1_29' title="bbox 320 3105 1092 3162">
     <span class='ocr_line' id='line_1_52' title="bbox 320 3105 1092 3162; baseline 0.008 -18"><span class='ocrx_word' id='word_1_477' title='bbox 320 3106 432 3144; x_wconf 85' lang='lat' dir='ltr'><strong>nonis</strong></span> <span class='ocrx_word' id='word_1_478' title='bbox 460 3105 627 3158; x_wconf 85' lang='lat' dir='ltr'><strong>Aprilis,</strong></span> <span class='ocrx_word' id='word_1_479' title='bbox 657 3106 795 3158; x_wconf 85' lang='lat' dir='ltr'><strong>pontis.</strong></span> <span class='ocrx_word' id='word_1_480' title='bbox 825 3120 924 3146; x_wconf 86' lang='lat' dir='ltr'><strong>anno</strong></span> <span class='ocrx_word' id='word_1_481' title='bbox 953 3111 1092 3162; x_wconf 88' lang='lat' dir='ltr'><strong>primo.</strong></span> 
     </span>
    </p>

    <p class='ocr_par' dir='ltr' id='par_1_30' title="bbox 700 3175 2462 3226">
     <span class='ocr_line' id='line_1_53' title="bbox 700 3175 2462 3226; baseline 0.007 -21"><span class='ocrx_word' id='word_1_482' title='bbox 700 3175 853 3207; x_wconf 82' lang='lat' dir='ltr'><strong>Vastovii</strong></span> <span class='ocrx_word' id='word_1_483' title='bbox 878 3178 969 3211; x_wconf 75' lang='lat' dir='ltr'><strong>Vitis</strong></span> <span class='ocrx_word' id='word_1_484' title='bbox 995 3180 1165 3223; x_wconf 82' lang='lat' dir='ltr'><strong>aquilonia</strong></span> <span class='ocrx_word' id='word_1_485' title='bbox 1189 3192 1221 3225; x_wconf 88' lang='lat' dir='ltr'><strong>p.</strong></span> <span class='ocrx_word' id='word_1_486' title='bbox 1250 3181 1326 3215; x_wconf 83' lang='lat'><strong>188.</strong></span> <span class='ocrx_word' id='word_1_487' title='bbox 1374 3182 1552 3224; x_wconf 85' lang='lat' dir='ltr'><strong>Liljegren</strong></span> <span class='ocrx_word' id='word_1_488' title='bbox 1576 3179 1798 3223; x_wconf 85' lang='lat' dir='ltr'><strong>Diplomatar.</strong></span> <span class='ocrx_word' id='word_1_489' title='bbox 1825 3181 1970 3212; x_wconf 86' lang='lat' dir='ltr'><strong>Svecan.</strong></span> <span class='ocrx_word' id='word_1_490' title='bbox 1995 3180 2023 3212; x_wconf 90' lang='lat' dir='ltr'>L</span> <span class='ocrx_word' id='word_1_491' title='bbox 2049 3190 2103 3212; x_wconf 89' lang='lat' dir='ltr'><strong>no.</strong></span> <span class='ocrx_word' id='word_1_492' title='bbox 2128 3180 2208 3214; x_wconf 74' lang='lat'><strong>642.</strong></span> <span class='ocrx_word' id='word_1_493' title='bbox 2233 3193 2266 3226; x_wconf 87' lang='lat' dir='ltr'><strong>p.</strong></span> <span class='ocrx_word' id='word_1_494' title='bbox 2290 3183 2462 3217; x_wconf 79' lang='lat'><strong>525—26.</strong></span> 
     </span>
    </p>

    <p class='ocr_par' dir='ltr' id='par_1_31' title="bbox 571 3235 2518 3296">
     <span class='ocr_line' id='line_1_54' title="bbox 571 3235 2518 3296; baseline 0.006 -23"><span class='ocrx_word' id='word_1_495' title='bbox 571 3235 725 3283; x_wconf 66' lang='lat'>[1266]</span> <span class='ocrx_word' id='word_1_496' title='bbox 781 3235 903 3276; x_wconf 80' lang='lat' dir='ltr'><strong>Emer</strong></span> <span class='ocrx_word' id='word_1_497' title='bbox 940 3239 1138 3280; x_wconf 84' lang='lat' dir='ltr'><strong>Danorum</strong></span> <span class='ocrx_word' id='word_1_498' title='bbox 1179 3242 1464 3296; x_wconf 84' lang='lat' dir='ltr'><strong>Slavorumque</strong></span> <span class='ocrx_word' id='word_1_499' title='bbox 1507 3243 1611 3294; x_wconf 76' lang='lat' dir='ltr'><strong>regis</strong></span> <span class='ocrx_word' id='word_1_500' title='bbox 1655 3245 1694 3280; x_wconf 88' lang='lat' dir='ltr'><strong>et</strong></span> <span class='ocrx_word' id='word_1_501' title='bbox 1723 3241 1838 3280; x_wconf 89' lang='lat' dir='ltr'><strong>ducis</strong></span> <span class='ocrx_word' id='word_1_502' title='bbox 1875 3240 2053 3280; x_wconf 85' lang='lat' dir='ltr'><strong>Estoniae</strong></span> <span class='ocrx_word' id='word_1_503' title='bbox 2092 3241 2286 3295; x_wconf 87' lang='lat' dir='ltr'><strong>diploma,</strong></span> <span class='ocrx_word' id='word_1_504' title='bbox 2323 3244 2518 3285; x_wconf 86' lang='lat' dir='ltr'><strong>advocato</strong></span> 
     </span>
    </p>

    <p class='ocr_par' dir='ltr' id='par_1_32' title="bbox 313 3303 2517 3366">
     <span class='ocr_line' id='line_1_55' title="bbox 313 3303 2517 3366; baseline 0.005 -23"><span class='ocrx_word' id='word_1_505' title='bbox 313 3305 401 3355; x_wconf 82' lang='lat' dir='ltr'><strong>ejus</strong></span> <span class='ocrx_word' id='word_1_506' title='bbox 431 3303 656 3343; x_wconf 79' lang='lat' dir='ltr'><strong>Revaliensi</strong></span> <span class='ocrx_word' id='word_1_507' title='bbox 695 3308 733 3344; x_wconf 87' lang='lat' dir='ltr'><strong>ct</strong></span> <span class='ocrx_word' id='word_1_508' title='bbox 764 3309 904 3347; x_wconf 83' lang='lat' dir='ltr'><strong>ceteris</strong></span> <span class='ocrx_word' id='word_1_509' title='bbox 932 3308 1136 3350; x_wconf 85' lang='lat' dir='ltr'><strong>Revaliam</strong></span> <span class='ocrx_word' id='word_1_510' title='bbox 1175 3316 1214 3352; x_wconf 89' lang='lat' dir='ltr'><strong>et</strong></span> <span class='ocrx_word' id='word_1_511' title='bbox 1243 3311 1479 3353; x_wconf 89' lang='lat' dir='ltr'><strong>Esthoniam</strong></span> <span class='ocrx_word' id='word_1_512' title='bbox 1511 3310 1821 3352; x_wconf 84' lang='lat' dir='ltr'><strong>inhabitantibus</strong></span> <span class='ocrx_word' id='word_1_513' title='bbox 1858 3311 2048 3359; x_wconf 86' lang='lat' dir='ltr'><strong>missum,</strong></span> <span class='ocrx_word' id='word_1_514' title='bbox 2093 3326 2170 3366; x_wconf 90' lang='lat' dir='ltr'><strong>quo</strong></span> <span class='ocrx_word' id='word_1_515' title='bbox 2209 3317 2375 3354; x_wconf 87' lang='lat' dir='ltr'><strong>“omnes</strong></span> <span class='ocrx_word' id='word_1_516' title='bbox 2407 3314 2517 3355; x_wconf 87' lang='lat' dir='ltr'><strong>liber·</strong></span> 
     </span>
    </p>
   </div>
   <div class='ocr_carea' id='block_1_20' title="bbox 469 647 2565 714">
    <p class='ocr_par' dir='ltr' id='par_1_33' title="bbox 469 647 2565 714">
     <span class='ocr_line' id='line_1_56' title="bbox 469 647 2565 714; baseline -0.01 -9"><span class='ocrx_word' id='word_1_517' title='bbox 469 666 655 705; x_wconf 81' lang='lat' dir='ltr'><strong>“tutelam</strong></span> <span class='ocrx_word' id='word_1_518' title='bbox 686 677 805 714; x_wconf 87' lang='lat' dir='ltr'><strong>super</strong></span> <span class='ocrx_word' id='word_1_519' title='bbox 832 674 950 712; x_wconf 82' lang='lat' dir='ltr'><strong>regno</strong></span> <span class='ocrx_word' id='word_1_520' title='bbox 980 657 1140 696; x_wconf 86' lang='lat' dir='ltr'><strong>Daniae’⁷</strong></span> <span class='ocrx_word' id='word_1_521' title='bbox 1171 657 1322 699; x_wconf 86' lang='lat' dir='ltr'><strong>teneat,</strong></span> <span class='ocrx_word' id='word_1_522' title='bbox 1366 651 1491 690; x_wconf 91' lang='lat' dir='ltr'><strong>donec</strong></span> <span class='ocrx_word' id='word_1_523' title='bbox 1520 651 1625 689; x_wconf 87' lang='lat' dir='ltr'><strong>filius</strong></span> <span class='ocrx_word' id='word_1_524' title='bbox 1654 650 1762 702; x_wconf 81' lang='lat' dir='ltr'><strong>regis</strong></span> <span class='ocrx_word' id='word_1_525' title='bbox 1792 649 2059 688; x_wconf 87' lang='lat' dir='ltr'><strong>maturitatem</strong></span> <span class='ocrx_word' id='word_1_526' title='bbox 2096 648 2267 701; x_wconf 77' lang='lat' dir='ltr'><strong>adeptus</strong></span> <span class='ocrx_word' id='word_1_527' title='bbox 2303 647 2431 687; x_wconf 87' lang='lat' dir='ltr'><strong>fuerit.</strong></span> <span class='ocrx_word' id='word_1_528' title='bbox 2467 669 2518 675; x_wconf 97' lang='lat'><strong>—</strong></span> <span class='ocrx_word' id='word_1_529' title='bbox 2552 691 2565 700; x_wconf 49' lang='grc'>,</span> 
     </span>
    </p>
   </div>
   <div class='ocr_carea' id='block_1_21' title="bbox 2635 1701 2649 2647">
    <p class='ocr_par' dir='ltr' id='par_1_34' title="bbox 2635 1701 2649 2647">
     <span class='ocr_line' id='line_1_57' title="bbox 2635 1701 2649 2647; baseline 0 0"><span class='ocrx_word' id='word_1_530' title='bbox 2635 1701 2649 2647; x_wconf 95' lang='lat' dir='ltr'><strong> </strong></span> 
     </span>
    </p>
   </div>
  </div>
 </body>
</html>
