2649 3686
787 144 941 194 Koxs
974 145 1105 195 Eam
1140 145 1512 194 PLOVPENNING.
2163 151 2260 202 115

51 316 134 356 haec
162 318 203 355 et
231 319 408 363 scotata,
446 317 574 369 primo
611 317 717 369 apud
745 321 1027 360 monasterium
1057 320 1106 360 de
1136 320 1289 361 Esrom
1399 349 1408 359 .
1438 319 1617 360 secundo
1648 319 1754 372 apud
1785 319 2089 374 Slanqetleorp,
2139 323 2262 375 Trpm-
2335 325 2451 366 1218.

47 385 293 440 qcelzoeroeths
326 386 490 439 thinqla,
534 388 650 427 tertio
686 389 724 427 in
762 388 1038 445 Lauda-thymis]
1080 391 1347 444 Ritzqstadis,
1390 403 1492 430 anno
1535 389 1601 428 diii
1639 389 1830 429 M0.CC0.
1874 390 2083 430 XLvulo.
2125 392 2255 432 Xllll.
2287 394 2336 426 18.
2373 395 2494 428 Nos-br.

51 455 201 496 calend.
232 457 480 497 Decembris.

439 527 626 560 Thorkelin
653 527 874 570 Diplomatar.
900 532 1133 573 Arna-Magn.
1158 532 1187 565 1.
1214 543 1245 575 p.
1274 530 1443 564 166-68.
1492 530 1576 564 Cod.
1602 530 1738 563 Esrom.
1764 530 1825 564 fol.
1851 531 1945 564 CIII.

309 588 437 638 [878.]
494 588 667 628 Εεκιιιι
698 591 878 642 episcopi
909 592 1178 632 Slesviccnsis
1208 594 1341 640 literae,
1371 591 1516 646 quibus
1546 591 1739 631 decimam
1769 592 2038 645 episcopalem
2062 593 2261 646 parochia}

50 658 279 713 Biulthorp,
324 673 440 713 quam
476 659 612 713 plures
650 661 739 712 ejus
776 661 1095 713 praedecessores
1133 664 1373 702 monasterio
1403 662 1503 702 Loci
1532 662 1608 702 Dei
1638 662 1886 702 contulerant
1922 663 1982 702 vel
2009 664 2260 704 confirmave—
2289 656 2293 665 ’

50 734 148 777 13111,
179 729 318 770 iterum
349 730 551 770 confirmat
579 730 641 769 vel
671 730 803 770 donat.
834 754 882 759 ——
915 731 1147 781 Slessnich,
1177 734 1429 786 pontificatus
1457 747 1558 772 anno
1586 736 1737 786 quarto.

442 801 630 843 Langebek
656 801 796 844 Scriptt.
821 803 917 835 vlu.
943 802 1021 836 208.
1069 805 1143 838 Csr.
1168 804 1398 848 XVestphalen
1421 805 1572 837 Menum.
1600 803 1688 836 ined.
1714 803 1777 835 lv.
1803 801 1868 836 col.
1892 802 1996 836 3182.
2022 813 2077 836 110.
2101 803 2136 837 6.

1079 917 1223 966 1249.
1326 923 1341 933 χ
2337 934 2456 974 1249.

311 1013 440 1062 [879.]
497 1012 656 1060 Literae,
688 1013 833 1067 quihus
862 1014 994 1061 Anni„
1024 1014 1100 1053 dux
1129 1015 1259 1062 Jutiae,
1289 1015 1444 1056 villicos
1473 1020 1514 1055 et
1541 1016 1706 1056 colonos
1728 1000 1959 1055 monasterii
1983 1013 2082 1054 Loci
2104 1014 2194 1062 Dei,
2225 1017 2264 1054 in
2294 1017 2345 1051 16.
2361 1019 2523 1052 Februar.

52 1079 195 1124 ducat'u
211 1085 301 1138 ejus
317 1085 551 1131 existentes,
578 1082 627 1123 ab
654 1085 756 1123 omni
775 1085 865 1137 jure
888 1086 1017 1138 ipsius
1034 1089 1073 1124 et
1096 1087 1256 1125 servitio
1281 1086 1429 1126 liberos
1453 1085 1627 1126 dimittit.
1646 1109 1694 1116 -
1713 1086 1847 1139 Ripis,
1876 1083 2006 1125 Xllll.
2025 1085 2097 1124 cal.
2114 1085 2261 1125 Martii.

444 1154 628 1196 Langebek
655 1154 795 1197 Scriptt.
821 1155 916 1187 vul.
945 1155 1020 1188 182.
1459 1147 1462 1149 ’

309 1215 438 1265 [880.]
496 1216 660 1262 Literae‚
691 1215 835 1269 quibus
863 1216 1018 1256 Eirieus
1048 1232 1114 1256 rex
1143 1216 1334 1264 Torkillo,
1364 1219 1556 1272 episcopo
1585 1219 1838 1265 Revaliensi,
1876 1222 1917 1258 et
1953 1217 2259 1258 successoribus
2284 1225 2317 1257 8.
2350 1224 2491 1267 Aprilis.

52 1289 141 1341 ejus
161 1287 208 1327 14
224 1300 350 1326 uncos
366 1288 404 1326 in
419 1286 566 1334 Kuate,
596 1300 698 1339 quos
714 1289 829 1325 antea
845 1286 1006 1327 Ulricus
1027 1287 1255 1326 balistarius
1277 1287 1475 1340 possedit,
1504 1288 1667 1328 confert.
1685 1311 1733 1317 -
1751 1290 1926 1337 Lumle‘s,
1949 1287 2023 1327 1Vl.
2047 1288 2150 1327 idus.
2170 1289 2262 1341 Apr.

442 1357 549 1389 Suhm
574 1357 665 1389 nist.
691 1357 730 1389 af
750 1357 898 1389 Danmk.
923 1358 968 1390 X.
994 1369 1025 1400 p.
1050 1357 1128 1390 966.

310 1418 439 1467 [881.]
498 1418 688 1458 Omoms
725 1418 841 1458 ducis
878 1419 926 1458 de
963 1418 1157 1458 Brunsvic
1182 1442 1230 1447 —
1258 1420 1344 1473 qui,
1374 1419 1492 1459 simul
1521 1434 1610 1460 cum
1643 1433 1754 1460 iti-:cs
1783 1420 1955 1466 Diem,
1986 1432 2094 1459 nuce
2120 1419 2256 1460 Jnem
2284 1433 2340 1466 25,
2357 1432 2498 1476 Aprilis.

51 1493 92 1530 et
117 1488 296 1542 pluribus
325 1489 593 1542 principibus,
624 1493 728 1528 tutor
755 1489 990 1536 Hermanni,
1021 1490 1135 1528 electi
1162 1489 1530 1536 HiMeshemensis,
1569 1490 1699 1530 sactus
1730 1495 1838 1537 erat,
1868 1489 2084 1529 secundum
2114 1490 2260 1528 consti-

51 1561 241 1599 tutionem
271 1559 387 1599 electi
415 1559 704 1607 Ferrariensis,
736 1559 930 1612 quondam
964 1560 1192 1612 apostolicae
1222 1560 1334 1599 sedis
1363 1560 1482 1612 legati
1511 1582 1560 1587 —
1602 1560 1796 1613 diploma,
1839 1574 1936 1614 qun,
1979 1561 2017 1599 in
2055 1562 2260 1604 eventum,

50 1645 120 1685 pro
157 1644 204 1670 se
242 1634 283 1670 et
317 1631 504 1669 universo
541 1626 646 1669 clero
686 1633 726 1669 et
754 1630 938 1669 ecclesiis
968 1629 1043 1668 sibi
1074 1629 1270 1682 subjectis
1299 1629 1437 1668 sedem
1463 1631 1724 1682 apostolicam
1754 1630 1947 1683 appellat,
1990 1644 2038 1669 ne
2068 1631 2158 1683 quis
2188 1642 2260 1668 eos

51 1705 147 1755 “per
174 1702 412 1741 sententiam
444 1700 756 1753 qualemcunque
786 1700 847 1739 vel
877 1699 1147 1739 inter‹lictnm”
1177 1713 1336 1751 gravare
1365 1700 1506 1739 valeat.
1538 1722 1586 1728 -
1618 1700 1849 1749 Bruma-ik,
1880 1700 1944 1739 die
1973 1700 2110 1739 Marci.

444 1769 580 1804 Scheid.
605 1770 701 1812 Orig.
730 1770 846 1803 Guelf.
873 1772 968 1802 Tom.
995 1770 1056 1803 lv.
1082 1781 1112 1813 p.
1138 1770 1217 1802 210.

312 1832 441 1881 [882]
498 1833 631 1880 ABEL,
660 1832 738 1871 dux
759 1832 894 1878 Juciae,
923 1833 1202 1871 monasterium
1218 1830 1461 1870 Esromense
1485 1834 1601 1871 “cum
1622 1831 1806 1871 omnibus
1829 1831 1879 1871 ad
1902 1845 1947 1871 se
1970 1831 2257 1884 pertinentibus
2281 1833 2337 1867 28.
2356 1833 2496 1877 Aprilis.

14 1919 18 1924 ⁴
51 1904 170 1944 rebus
198 1906 239 1944 et
265 1903 476 1957 personis”
513 1902 588 1942 51111
618 1916 691 1942 5113
720 1902 886 1955 speciali
915 1902 1159 1954 protectione
1188 1902 1357 1954 suscipit
1394 1901 1699 1941 defendendum.
1743 1925 1792 1931 —
1836 1903 1965 1955 Apud
1995 1901 2259 1942 Commanna-

49 1975 170 2026 fantlz
198 1973 606 2028 (Copmannaloeafn),
636 1977 773 2027 quarto
804 1972 954 2011 calend.
984 1971 1096 2025 Maji.

446 2044 636 2077 Tliorkelin
660 2043 751 2087 Dipl.
775 2044 1010 2084 Arna-Magn.
1035 2044 1061 2076 I.
1091 2040 1165 2074 169.
1212 2042 1398 2084 Langebek
1422 2042 1652 2089 Scripttfflx.
1713 2067 1722 2076 .
1754 2042 1838 2076 Cod.
1862 2043 1997 2075 Esrom.
2022 2041 2083 2075 fol.
2110 2042 2256 2074 XLVII.

312 2106 441 2155 [883]
498 2106 664 2153 Literae,
707 2105 852 2159 quibus
880 2104 1106 2143 Lunsmms
1135 2103 1407 2143 Hmmssfix
1437 2107 1571 2142 notum
1602 2103 1786 2143 omnibus
1816 2105 1930 2152 facit,
1974 2117 2019 2143 se
2054 2105 2257 2143 canonicis
2307 2115 2340 2147 s,
2366 2115 2471 2148 Junii,

52 2192 86 2218 s.
114 2177 320 2217 wilhelmi
349 2177 398 2216 de
426 2176 624 2216 Paraclito
653 2175 757 2215 hona
786 2189 859 2214 sua
889 2176 926 2213 in
956 2173 1185 2213 Naellaeriidh
1215 2175 1294 2213 sita
1322 2173 1609 2224 assignavisse.
1638 2196 1691 2202 —
1719 2173 1926 2214 Dominica
1958 2175 2157 2213 trinitatis.

443 2247 628 2288 Langebek
653 2246 792 2289 Scriptt.
820 2246 879 2277 Vl.
908 2245 1075 2277 157—58.

312 2308 441 2358 [884]
498 2308 627 2347 Eruci
670 2309 777 2360 regis
820 2307 940 2346 literae
983 2305 1228 2359 protectoriae
1266 2303 1365 2343 datae
1402 2305 1643 2343 monasterio
1679 2303 1915 2345 Esromensi
1959 2327 2008 2334 —
2059 2303 2257 2352 Vmbrae,
2293 2311 2350 2344 24.
2386 2310 2482 2343 Julii.

52 2380 202 2421 calend.
231 2381 406 2432 Augusti
434 2394 551 2418 nono.

445 2448 632 2482 Thorkelin
658 2448 747 2492 Dipl.
771 2449 1007 2489 Arna-Magn.
1032 2446 1057 2478 1.
1086 2444 1161 2476 173.
1208 2443 1395 2485 Langebek
1420 2442 1559 2487 Scriptt.
1584 2444 1648 2476 lx.
1708 2467 1716 2476 .
1755 2443 1837 2476 cod.
1862 2444 1998 2478 Esrom.
2032 2444 2093 2477 fol.
2126 2444 2255 2477 XLIX.

313 2511 442 2560 [885]
501 2510 755 2550 immoni-:mu
788 2508 904 2563 (lVfi)
934 2521 1044 2561 papae
1072 2505 1198 2551 hulla,
1241 2518 1317 2557 qua
1347 2504 1624 2544 archidiacono
1652 2504 1862 2544 Arusiensi
1893 2507 2077 2559 imperat,
2120 2510 2164 2545 ut
2201 2520 2258 2544 re·
2293 2516 2350 2549 27,
2384 2516 2481 2549 Jum,

53 2583 165 2622 stitui
195 2582 314 2622 saciat
341 2583 533 2635 episcopo
557 2581 819 2620 Roskildcnsi
850 2583 1022 2618 castrum
1046 2574 1415 2629 Kopmanne-Hafn,
1446 2574 1653 2627 eidemque
1683 2576 1836 2614 veniam
1873 2580 1985 2628 paret
2013 2578 2051 2615 in
2081 2576 2258 2616 dioecesi

39 2651 174 2693 ‘libere
203 2651 484 2692 commorandi.
513 2674 562 2680 —
593 2651 808 2704 Luyrluni,
838 2648 906 2687 Vl.
937 2647 1087 2687 calend.
1115 2646 1311 2698 Augusti,
1340 2645 1480 2697 pontis.
1509 2658 1610 2683 anno
1641 2645 1826 2697 septimo.

445 2721 632 2754 Thorkelin
657 2721 883 2763 Diplomatar.
908 2719 1144 2757 Arna-Magn.
1170 2717 1195 2748 1.
1221 2725 1252 2757 p.
1281 2714 1356 2746 173.

315 2783 444 2833 [886]
500 2782 629 2823 Enicl
668 2782 869 2821 Danorum
912 2781 1017 2832 regis
1061 2777 1250 2830 diploma,
1301 2789 1378 2828 quo
1421 2774 1612 2827 episcopo
1647 2775 1878 2815 Revaliensi
1923 2775 2024 2830 (tum
2067 2781 2258 2831 temporis
2287 2780 2324 2812 II
2365 2781 2499 2823 septbr.

55 2855 291 2902 Thorchillo‚
320 2858 435 2894 antea
465 2853 663 2892 sacerdoti
693 2851 884 2905 Ripensi)
917 2849 1113 2900 octoginta
1142 2859 1267 2885 uncos
1297 2844 1402 2897 apud
1429 2844 1634 2883 Revaliam
1664 2845 1771 2885 dotis
1801 2848 1956 2892 nomine
1986 2849 2188 2899 assignat,
2219 2854 2258 2888 et

12 2935 16 2938 '
54 2931 239 2980 praeterea
266 2925 342 2965 XL
380 2937 506 2963 uncos
543 2924 581 2962 in
610 2923 813 2968 XVstonia,
858 2920 982 2959 donec
1019 2919 1235 2970 episcopus
1273 2916 1392 2954 etiam
1422 2913 1476 2952 ibi
1506 2915 1747 2954 constitutus
1785 2916 1922 2963 suerit,
1966 2931 2043 2970 quo
2074 2918 2177 2957 sacto
2217 2918 2257 2957 hi

55 2998 147 3036 unci
176 2996 304 3036 eidem
334 2995 525 3048 episcopo
556 2991 643 3032 sirie
673 2990 980 3031 contradictione
1010 2985 1229 3026 remittendi
1261 2987 1382 3024 erant.
1404 3005 1459 3012 —-
1489 2983 1817 3037 lVartinqborc-h,
1850 2985 1920 3024 lli.
1951 2986 2004 3025 id.
2034 2987 2257 3041 Septembr-

445 3063 615 3096 Hvitfeldt
637 3062 803 3095 Danmks.
832 3060 938 3101 Riges
962 3060 1067 3090 Kron.
1093 3068 1123 3099 p.
1148 3054 1226 3087 221.
1275 3054 1414 3085 Pontan.
1439 3054 1540 3086 Berr.
1565 3055 1673 3087 Dann.
1699 3055 1788 3088 nist.
1814 3056 1911 3089 Libr.
1937 3058 2015 3090 vll.
2039 3068 2072 3100 p.
2086 3058 2257 3090 334—35.

447 3125 679 3168 Pontoppidan
702 3122 824 3156 Annal.
851 3121 973 3154 eccles.
997 3121 1083 3152 Dan.
1107 3118 1133 3151 1.
1158 3114 1329 3149 665-66,
1390 3115 1577 3148 Thorkelin
1602 3116 1748 3159 Diplom.
1773 3119 2009 3160 Arna-Magn.
2033 3120 2060 3152 1.
2090 3118 2257 3152 129-30.

317 3187 446 3236 [887.]
502 3186 631 3226 Emer
669 3186 775 3237 regis
810 3183 952 3229 literae,
995 3179 1137 3234 quibus
1168 3177 1324 3229 Stigoto
1360 3177 1516 3230 Agison
1553 3177 1731 3224 mandat,
1774 3183 1818 3218 ut
1854 3179 2025 3219 Torkillo
2063 3182 2253 3234 episcopo
2277 3191 2333 3224 21.
2359 3191 2492 3236 septbr.

57 3258 285 3299 Revaliensi
321 3257 478 3297 LXXX
514 3270 640 3296 uncos
669 3257 708 3294 in
737 3254 906 3294 Estonia
937 3256 976 3292 et
1003 3249 1183 3289 Wironia
1219 3246 1396 3301 “absque
1425 3261 1534 3288 mora
1564 3251 1604 3287 et
1641 3247 1947 3290 contradictione
1977 3249 2152 3302 qualibet
2179 3257 2259 3292 stu·
2285 3253 2515 3296 (vellicet.)

1966 3323 2037 3363 15*
