<?xml version="1.0" encoding="UTF-8"?>
<!DOCTYPE html PUBLIC "-//W3C//DTD XHTML 1.0 Transitional//EN"
    "http://www.w3.org/TR/xhtml1/DTD/xhtml1-transitional.dtd">
<html xmlns="http://www.w3.org/1999/xhtml" xml:lang="en" lang="en">
 <head>
  <title>
</title>
<meta http-equiv="Content-Type" content="text/html;charset=utf-8" />
  <meta name='ocr-system' content='tesseract 3.04.00' />
  <meta name='ocr-capabilities' content='ocr_page ocr_carea ocr_par ocr_line ocrx_word'/>
</head>
<body>
  <div class='ocr_page' id='page_1' title='image "./regestadiplomati01dansuoft_0250.png"; bbox 0 0 2649 3686; ppageno 0'>
   <div class='ocr_carea' id='block_1_1' title="bbox 95 309 327 423">
    <p class='ocr_par' dir='ltr' id='par_1_1' title="bbox 95 309 327 423">
     <span class='ocr_line' id='line_1_1' title="bbox 159 309 278 350; baseline 0 0"><span class='ocrx_word' id='word_1_1' title='bbox 159 309 278 350; x_wconf 79' lang='lat'><strong>1326.</strong></span> 
     </span>
     <span class='ocr_line' id='line_1_2' title="bbox 95 379 327 423; baseline 0.004 -11"><span class='ocrx_word' id='word_1_2' title='bbox 95 380 148 414; x_wconf 87' lang='lat'><strong>15.</strong></span> <span class='ocrx_word' id='word_1_3' title='bbox 166 379 327 423; x_wconf 75' lang='lat' dir='ltr'><strong>Augusti.</strong></span> 
     </span>
    </p>
   </div>
   <div class='ocr_carea' id='block_1_2' title="bbox 95 515 326 558">
    <p class='ocr_par' dir='ltr' id='par_1_2' title="bbox 95 515 326 558">
     <span class='ocr_line' id='line_1_3' title="bbox 95 515 326 558; baseline 0.004 -10"><span class='ocrx_word' id='word_1_4' title='bbox 95 517 147 548; x_wconf 90' lang='lat'>15.</span> <span class='ocrx_word' id='word_1_5' title='bbox 168 515 326 558; x_wconf 78' lang='lat' dir='ltr'>Augusti.</span> 
     </span>
    </p>
   </div>
   <div class='ocr_carea' id='block_1_3' title="bbox 98 847 327 891">
    <p class='ocr_par' dir='ltr' id='par_1_3' title="bbox 98 847 327 891">
     <span class='ocr_line' id='line_1_4' title="bbox 98 847 327 891; baseline 0 -10"><span class='ocrx_word' id='word_1_6' title='bbox 98 849 149 881; x_wconf 84' lang='lat'>15.</span> <span class='ocrx_word' id='word_1_7' title='bbox 169 847 327 891; x_wconf 82' lang='lat' dir='ltr'>Augusti.</span> 
     </span>
    </p>
   </div>
   <div class='ocr_carea' id='block_1_4' title="bbox 97 1265 324 1308">
    <p class='ocr_par' dir='ltr' id='par_1_4' title="bbox 97 1265 324 1308">
     <span class='ocr_line' id='line_1_5' title="bbox 97 1265 324 1308; baseline 0 -11"><span class='ocrx_word' id='word_1_8' title='bbox 97 1266 147 1298; x_wconf 88' lang='lat'><strong>15.</strong></span> <span class='ocrx_word' id='word_1_9' title='bbox 168 1265 324 1308; x_wconf 79' lang='lat' dir='ltr'>Augusti.</span> 
     </span>
    </p>
   </div>
   <div class='ocr_carea' id='block_1_5' title="bbox 97 1789 325 1834">
    <p class='ocr_par' dir='ltr' id='par_1_5' title="bbox 97 1789 325 1834">
     <span class='ocr_line' id='line_1_6' title="bbox 97 1789 325 1834; baseline -0.004 -11"><span class='ocrx_word' id='word_1_10' title='bbox 97 1792 146 1823; x_wconf 82' lang='lat'>16.</span> <span class='ocrx_word' id='word_1_11' title='bbox 170 1789 325 1834; x_wconf 81' lang='lat' dir='ltr'>Augusti.</span> 
     </span>
    </p>
   </div>
   <div class='ocr_carea' id='block_1_6' title="bbox 100 2403 329 2447">
    <p class='ocr_par' dir='ltr' id='par_1_6' title="bbox 100 2403 329 2447">
     <span class='ocr_line' id='line_1_7' title="bbox 100 2403 329 2447; baseline 0.009 -12"><span class='ocrx_word' id='word_1_12' title='bbox 100 2405 149 2436; x_wconf 79' lang='lat'>16.</span> <span class='ocrx_word' id='word_1_13' title='bbox 174 2403 329 2447; x_wconf 81' lang='lat' dir='ltr'>Augusti.</span> 
     </span>
    </p>
   </div>
   <div class='ocr_carea' id='block_1_7' title="bbox 138 2753 324 2795">
    <p class='ocr_par' dir='ltr' id='par_1_7' title="bbox 138 2753 324 2795">
     <span class='ocr_line' id='line_1_8' title="bbox 138 2753 324 2795; baseline 0.016 -12"><span class='ocrx_word' id='word_1_14' title='bbox 138 2753 167 2783; x_wconf 64' lang='lat'>4.</span> <span class='ocrx_word' id='word_1_15' title='bbox 193 2753 324 2795; x_wconf 73' lang='lat' dir='ltr'>septbr.</span> 
     </span>
    </p>
   </div>
   <div class='ocr_carea' id='block_1_8' title="bbox 350 131 2302 197">
    <p class='ocr_par' dir='ltr' id='par_1_8' title="bbox 350 131 2302 197">
     <span class='ocr_line' id='line_1_9' title="bbox 350 131 2302 197; baseline -0.003 -10"><span class='ocrx_word' id='word_1_16' title='bbox 350 136 449 187; x_wconf 76' lang='lat'>240</span> <span class='ocrx_word' id='word_1_17' title='bbox 704 137 858 186; x_wconf 62' lang='lat' dir='ltr'>Kosa</span> <span class='ocrx_word' id='word_1_18' title='bbox 893 136 1232 188; x_wconf 71' lang='lat' dir='ltr'>Cnmsrorrnn</span> <span class='ocrx_word' id='word_1_19' title='bbox 1268 149 1364 183; x_wconf 80' lang='lat' dir='ltr'>DEN</span> <span class='ocrx_word' id='word_1_20' title='bbox 1399 131 1601 180; x_wconf 72' lang='lat' dir='ltr'><strong>ANDEN.</strong></span> <span class='ocrx_word' id='word_1_21' title='bbox 1674 131 1996 196; x_wconf 77' lang='lat' dir='ltr'>[VALDEMAR</span> <span class='ocrx_word' id='word_1_22' title='bbox 2031 132 2302 197; x_wconf 63' lang='lat' dir='ltr'>Enmsm).</span> 
     </span>
    </p>
   </div>
   <div class='ocr_carea' id='block_1_9' title="bbox 609 303 2555 362">
    <p class='ocr_par' dir='ltr' id='par_1_9' title="bbox 609 303 2555 362">
     <span class='ocr_line' id='line_1_10' title="bbox 609 303 2555 362; baseline -0.004 -11"><span class='ocrx_word' id='word_1_23' title='bbox 609 311 754 362; x_wconf 63' lang='lat'>[1996]</span> <span class='ocrx_word' id='word_1_24' title='bbox 810 312 1084 350; x_wconf 63' lang='lat' dir='ltr'>&#39;WALnnmnm</span> <span class='ocrx_word' id='word_1_25' title='bbox 1110 308 1310 347; x_wconf 90' lang='lat' dir='ltr'>Danorum</span> <span class='ocrx_word' id='word_1_26' title='bbox 1335 304 1647 355; x_wconf 76' lang='lat' dir='ltr'>Sclavorumque</span> <span class='ocrx_word' id='word_1_27' title='bbox 1676 303 1783 355; x_wconf 84' lang='lat' dir='ltr'>regis</span> <span class='ocrx_word' id='word_1_28' title='bbox 1812 303 2053 342; x_wconf 85' lang='lat' dir='ltr'>confirmatio</span> <span class='ocrx_word' id='word_1_29' title='bbox 2075 305 2380 357; x_wconf 85' lang='lat' dir='ltr'>privilegiorum,</span> <span class='ocrx_word' id='word_1_30' title='bbox 2408 321 2431 347; x_wconf 86' lang='lat' dir='ltr'>a</span> <span class='ocrx_word' id='word_1_31' title='bbox 2459 311 2555 361; x_wconf 87' lang='lat' dir='ltr'>regi-</span> 
     </span>
    </p>
   </div>
   <div class='ocr_carea' id='block_1_10' title="bbox 351 373 2558 493">
    <p class='ocr_par' dir='ltr' id='par_1_10' title="bbox 351 373 2558 493">
     <span class='ocr_line' id='line_1_11' title="bbox 351 373 2557 432; baseline -0 -13"><span class='ocrx_word' id='word_1_32' title='bbox 351 378 430 420; x_wconf 87' lang='lat' dir='ltr'>bus</span> <span class='ocrx_word' id='word_1_33' title='bbox 458 380 593 421; x_wconf 86' lang='lat' dir='ltr'>Daciae</span> <span class='ocrx_word' id='word_1_34' title='bbox 622 380 772 421; x_wconf 90' lang='lat' dir='ltr'>civibus</span> <span class='ocrx_word' id='word_1_35' title='bbox 800 378 1044 432; x_wconf 90' lang='lat' dir='ltr'>Ripensibus</span> <span class='ocrx_word' id='word_1_36' title='bbox 1073 387 1366 416; x_wconf 89' lang='lat' dir='ltr'>concessorum.</span> <span class='ocrx_word' id='word_1_37' title='bbox 1393 395 1448 402; x_wconf 90' lang='lat'>--</span> <span class='ocrx_word' id='word_1_38' title='bbox 1475 373 1662 427; x_wconf 75' lang='lat' dir='ltr'>Nyborq,</span> <span class='ocrx_word' id='word_1_39' title='bbox 1692 373 1754 413; x_wconf 91' lang='lat' dir='ltr'>die</span> <span class='ocrx_word' id='word_1_40' title='bbox 1777 374 2068 426; x_wconf 83' lang='lat' dir='ltr'>assumptionis</span> <span class='ocrx_word' id='word_1_41' title='bbox 2090 373 2214 431; x_wconf 82' lang='lat' dir='ltr'>beatae</span> <span class='ocrx_word' id='word_1_42' title='bbox 2230 375 2363 415; x_wconf 84' lang='lat' dir='ltr'>Mariae</span> <span class='ocrx_word' id='word_1_43' title='bbox 2383 378 2557 430; x_wconf 83' lang='lat' dir='ltr'>virginis.</span> 
     </span>
     <span class='ocr_line' id='line_1_12' title="bbox 740 442 2558 493; baseline 0 -11"><span class='ocrx_word' id='word_1_44' title='bbox 740 452 911 493; x_wconf 81' lang='lat' dir='ltr'>Terpager</span> <span class='ocrx_word' id='word_1_45' title='bbox 936 449 1028 491; x_wconf 83' lang='lat' dir='ltr'>Ripae</span> <span class='ocrx_word' id='word_1_46' title='bbox 1053 446 1178 480; x_wconf 83' lang='lat' dir='ltr'>Cimbr.</span> <span class='ocrx_word' id='word_1_47' title='bbox 1203 456 1236 488; x_wconf 87' lang='lat' dir='ltr'>p.</span> <span class='ocrx_word' id='word_1_48' title='bbox 1260 443 1432 476; x_wconf 80' lang='grc'>691--92-</span> <span class='ocrx_word' id='word_1_49' title='bbox 1491 444 1580 475; x_wconf 82' lang='lat' dir='ltr'>Dan.</span> <span class='ocrx_word' id='word_1_50' title='bbox 1606 442 1747 485; x_wconf 80' lang='lat' dir='ltr'>interpr.</span> <span class='ocrx_word' id='word_1_51' title='bbox 1773 453 1828 485; x_wconf 82' lang='lat' dir='ltr'>ap.</span> <span class='ocrx_word' id='word_1_52' title='bbox 1862 442 2034 486; x_wconf 84' lang='lat' dir='ltr'>Galthen,</span> <span class='ocrx_word' id='word_1_53' title='bbox 2072 445 2196 476; x_wconf 87' lang='lat' dir='ltr'>Beskr.</span> <span class='ocrx_word' id='word_1_54' title='bbox 2222 455 2274 478; x_wconf 89' lang='lat' dir='ltr'>ov.</span> <span class='ocrx_word' id='word_1_55' title='bbox 2299 445 2397 478; x_wconf 81' lang='lat' dir='ltr'>Bibe.</span> <span class='ocrx_word' id='word_1_56' title='bbox 2421 457 2455 490; x_wconf 90' lang='lat' dir='ltr'>p.</span> <span class='ocrx_word' id='word_1_57' title='bbox 2482 448 2558 483; x_wconf 82' lang='lat'><strong>166.</strong></span> 
     </span>
    </p>
   </div>
   <div class='ocr_carea' id='block_1_11' title="bbox 345 503 2575 1637">
    <p class='ocr_par' dir='ltr' id='par_1_11' title="bbox 350 502 2648 703">
     <span class='ocr_line' id='line_1_13' title="bbox 613 503 2575 562; baseline 0 -11"><span class='ocrx_word' id='word_1_58' title='bbox 613 512 758 562; x_wconf 82' lang='lat'><strong>[1997.]</strong></span> <span class='ocrx_word' id='word_1_59' title='bbox 813 511 1090 550; x_wconf 51' lang='lat' dir='ltr'>wammam</span> <span class='ocrx_word' id='word_1_60' title='bbox 1120 507 1224 557; x_wconf 86' lang='lat' dir='ltr'>regis</span> <span class='ocrx_word' id='word_1_61' title='bbox 1252 504 1519 558; x_wconf 75' lang='lat' dir='ltr'>privilegium,</span> <span class='ocrx_word' id='word_1_62' title='bbox 1563 503 1844 543; x_wconf 87' lang='lat' dir='ltr'>mercatoribus</span> <span class='ocrx_word' id='word_1_63' title='bbox 1873 507 1912 543; x_wconf 91' lang='lat' dir='ltr'>et</span> <span class='ocrx_word' id='word_1_64' title='bbox 1941 503 2093 544; x_wconf 86' lang='lat' dir='ltr'>civibus</span> <span class='ocrx_word' id='word_1_65' title='bbox 2122 506 2369 558; x_wconf 87' lang='lat' dir='ltr'>Ripensibus</span> <span class='ocrx_word' id='word_1_66' title='bbox 2404 506 2575 556; x_wconf 73' lang='lat' dir='ltr'>datum,¹</span> 
     </span>
     <span class='ocr_line' id='line_1_14' title="bbox 351 572 2563 634; baseline -0 -13"><span class='ocrx_word' id='word_1_67' title='bbox 351 594 431 634; x_wconf 87' lang='lat' dir='ltr'>quo</span> <span class='ocrx_word' id='word_1_68' title='bbox 457 595 527 620; x_wconf 91' lang='lat' dir='ltr'>eos</span> <span class='ocrx_word' id='word_1_69' title='bbox 552 582 587 620; x_wconf 92' lang='lat' dir='ltr'>in</span> <span class='ocrx_word' id='word_1_70' title='bbox 613 585 844 634; x_wconf 88' lang='lat' dir='ltr'>perpetuum</span> <span class='ocrx_word' id='word_1_71' title='bbox 868 579 916 618; x_wconf 87' lang='lat' dir='ltr'>ab</span> <span class='ocrx_word' id='word_1_72' title='bbox 939 579 1040 617; x_wconf 89' lang='lat' dir='ltr'>omni</span> <span class='ocrx_word' id='word_1_73' title='bbox 1062 576 1242 615; x_wconf 88' lang='lat' dir='ltr'>theloneo</span> <span class='ocrx_word' id='word_1_74' title='bbox 1266 578 1303 613; x_wconf 93' lang='lat' dir='ltr'>et</span> <span class='ocrx_word' id='word_1_75' title='bbox 1336 572 1385 613; x_wconf 85' lang='lat' dir='ltr'>ab</span> <span class='ocrx_word' id='word_1_76' title='bbox 1416 572 1600 612; x_wconf 91' lang='lat' dir='ltr'>omnibus</span> <span class='ocrx_word' id='word_1_77' title='bbox 1629 573 1718 613; x_wconf 90' lang='lat' dir='ltr'>aliis</span> <span class='ocrx_word' id='word_1_78' title='bbox 1752 574 1944 620; x_wconf 88' lang='lat' dir='ltr'>servitiis,</span> <span class='ocrx_word' id='word_1_79' title='bbox 1972 574 2175 616; x_wconf 81' lang='lat' dir='ltr'>Forband</span> <span class='ocrx_word' id='word_1_80' title='bbox 2202 591 2252 617; x_wconf 81' lang='lat' dir='ltr'>oc</span> <span class='ocrx_word' id='word_1_81' title='bbox 2284 576 2563 631; x_wconf 75' lang='lat' dir='ltr'>Torffueqield</span> 
     </span>
     <span class='ocr_line' id='line_1_15' title="bbox 350 637 1928 703; baseline -0.004 -14"><span class='ocrx_word' id='word_1_82' title='bbox 350 650 483 697; x_wconf 90' lang='lat' dir='ltr'>dictis,</span> <span class='ocrx_word' id='word_1_83' title='bbox 513 650 693 690; x_wconf 87' lang='lat' dir='ltr'>absolvit.</span> <span class='ocrx_word' id='word_1_84' title='bbox 729 672 777 678; x_wconf 88' lang='lat'><em>-</em></span> <span class='ocrx_word' id='word_1_85' title='bbox 804 648 995 703; x_wconf 70' lang='lat' dir='ltr'>Nyborq,</span> <span class='ocrx_word' id='word_1_86' title='bbox 1027 647 1088 684; x_wconf 89' lang='lat' dir='ltr'>die</span> <span class='ocrx_word' id='word_1_87' title='bbox 1117 643 1406 696; x_wconf 78' lang='lat' dir='ltr'>assumptionis</span> <span class='ocrx_word' id='word_1_88' title='bbox 1435 641 1561 682; x_wconf 86' lang='lat' dir='ltr'>beatae</span> <span class='ocrx_word' id='word_1_89' title='bbox 1589 642 1724 682; x_wconf 85' lang='lat' dir='ltr'>Mariae</span> <span class='ocrx_word' id='word_1_90' title='bbox 1752 637 1928 695; x_wconf 81' lang='lat' dir='ltr'>virginis.</span> 
     </span>
    </p>

    <p class='ocr_par' dir='ltr' id='par_1_12' title="bbox 738 713 2558 819">
     <span class='ocr_line' id='line_1_16' title="bbox 740 713 2558 762; baseline 0.001 -11"><span class='ocrx_word' id='word_1_91' title='bbox 740 721 912 761; x_wconf 81' lang='lat' dir='ltr'>Terpager</span> <span class='ocrx_word' id='word_1_92' title='bbox 936 716 1032 758; x_wconf 80' lang='lat' dir='ltr'>Ripae</span> <span class='ocrx_word' id='word_1_93' title='bbox 1057 714 1182 747; x_wconf 82' lang='lat' dir='ltr'>Cimbr.</span> <span class='ocrx_word' id='word_1_94' title='bbox 1208 725 1239 757; x_wconf 93' lang='lat' dir='ltr'>p.</span> <span class='ocrx_word' id='word_1_95' title='bbox 1264 713 1345 746; x_wconf 82' lang='lat'><strong>691.</strong></span> <span class='ocrx_word' id='word_1_96' title='bbox 1404 713 1589 755; x_wconf 77' lang='lat' dir='ltr'>Langebek</span> <span class='ocrx_word' id='word_1_97' title='bbox 1617 713 1757 757; x_wconf 82' lang='lat' dir='ltr'>Scriptt.</span> <span class='ocrx_word' id='word_1_98' title='bbox 1781 714 1863 747; x_wconf 82' lang='lat' dir='ltr'><strong>vll.</strong></span> <span class='ocrx_word' id='word_1_99' title='bbox 1887 714 1967 747; x_wconf 77' lang='lat'><strong>328.</strong></span> <span class='ocrx_word' id='word_1_100' title='bbox 2027 715 2117 747; x_wconf 81' lang='lat' dir='ltr'>Dan.</span> <span class='ocrx_word' id='word_1_101' title='bbox 2139 714 2282 760; x_wconf 79' lang='lat' dir='ltr'>interpr.</span> <span class='ocrx_word' id='word_1_102' title='bbox 2307 727 2362 760; x_wconf 86' lang='lat' dir='ltr'>ap.</span> <span class='ocrx_word' id='word_1_103' title='bbox 2388 717 2558 762; x_wconf 81' lang='lat' dir='ltr'>Galthen,</span> 
     </span>
     <span class='ocr_line' id='line_1_17' title="bbox 738 775 1207 819; baseline -0.013 -6"><span class='ocrx_word' id='word_1_104' title='bbox 738 780 861 812; x_wconf 84' lang='lat' dir='ltr'>Beskr.</span> <span class='ocrx_word' id='word_1_105' title='bbox 887 789 936 810; x_wconf 91' lang='lat' dir='ltr'>ov.</span> <span class='ocrx_word' id='word_1_106' title='bbox 961 777 1046 809; x_wconf 83' lang='lat' dir='ltr'>Bibe</span> <span class='ocrx_word' id='word_1_107' title='bbox 1070 787 1102 819; x_wconf 87' lang='lat' dir='ltr'>p.</span> <span class='ocrx_word' id='word_1_108' title='bbox 1132 775 1207 808; x_wconf 83' lang='lat'><strong>166.</strong></span> 
     </span>
    </p>

    <p class='ocr_par' dir='ltr' id='par_1_13' title="bbox 349 828 2561 1175">
     <span class='ocr_line' id='line_1_18' title="bbox 611 828 2555 893; baseline 0.001 -13"><span class='ocrx_word' id='word_1_109' title='bbox 611 841 754 893; x_wconf 68' lang='lat'>[1998]</span> <span class='ocrx_word' id='word_1_110' title='bbox 811 839 984 879; x_wconf 88' lang='lat' dir='ltr'>Laudret</span> <span class='ocrx_word' id='word_1_111' title='bbox 1019 838 1078 876; x_wconf 88' lang='lat' dir='ltr'>for</span> <span class='ocrx_word' id='word_1_112' title='bbox 1108 828 1194 876; x_wconf 66' lang='lat' dir='ltr'>Oen</span> <span class='ocrx_word' id='word_1_113' title='bbox 1225 836 1412 883; x_wconf 87' lang='lat' dir='ltr'>Femern,</span> <span class='ocrx_word' id='word_1_114' title='bbox 1447 835 1611 875; x_wconf 88' lang='lat' dir='ltr'>udstedt</span> <span class='ocrx_word' id='word_1_115' title='bbox 1647 836 1691 875; x_wconf 84' lang='lat' dir='ltr'>af</span> <span class='ocrx_word' id='word_1_116' title='bbox 1723 835 1829 876; x_wconf 87' lang='lat' dir='ltr'>Grev</span> <span class='ocrx_word' id='word_1_117' title='bbox 1866 835 2021 877; x_wconf 88' lang='lat' dir='ltr'>Johann</span> <span class='ocrx_word' id='word_1_118' title='bbox 2064 837 2108 876; x_wconf 88' lang='lat' dir='ltr'>til</span> <span class='ocrx_word' id='word_1_119' title='bbox 2138 839 2331 879; x_wconf 91' lang='lat' dir='ltr'>Holsteen</span> <span class='ocrx_word' id='word_1_120' title='bbox 2370 854 2422 893; x_wconf 83' lang='lat' dir='ltr'>og</span> <span class='ocrx_word' id='word_1_121' title='bbox 2450 841 2555 882; x_wconf 90' lang='lat' dir='ltr'>Stor-</span> 
     </span>
     <span class='ocr_line' id='line_1_19' title="bbox 350 906 2558 964; baseline 0 -12"><span class='ocrx_word' id='word_1_122' title='bbox 350 926 476 958; x_wconf 89' lang='lat' dir='ltr'>marn,</span> <span class='ocrx_word' id='word_1_123' title='bbox 506 915 724 964; x_wconf 83' lang='lat' dir='ltr'>garanteret</span> <span class='ocrx_word' id='word_1_124' title='bbox 752 910 795 949; x_wconf 87' lang='lat' dir='ltr'>af</span> <span class='ocrx_word' id='word_1_125' title='bbox 817 909 933 959; x_wconf 81' lang='lat' dir='ltr'>Kong</span> <span class='ocrx_word' id='word_1_126' title='bbox 961 908 1172 946; x_wconf 82' lang='lat' dir='ltr'>Valdemar</span> <span class='ocrx_word' id='word_1_127' title='bbox 1200 907 1242 945; x_wconf 87' lang='lat' dir='ltr'>til</span> <span class='ocrx_word' id='word_1_128' title='bbox 1274 906 1483 950; x_wconf 85' lang='lat' dir='ltr'>Danmark,</span> <span class='ocrx_word' id='word_1_129' title='bbox 1515 906 1610 945; x_wconf 87' lang='lat' dir='ltr'>Gert</span> <span class='ocrx_word' id='word_1_130' title='bbox 1638 906 1792 958; x_wconf 87' lang='lat' dir='ltr'>Hertug</span> <span class='ocrx_word' id='word_1_131' title='bbox 1818 907 1862 945; x_wconf 83' lang='lat' dir='ltr'>af</span> <span class='ocrx_word' id='word_1_132' title='bbox 1884 907 2043 959; x_wconf 80' lang='lat' dir='ltr'>Jylland</span> <span class='ocrx_word' id='word_1_133' title='bbox 2069 922 2120 960; x_wconf 85' lang='lat' dir='ltr'>og</span> <span class='ocrx_word' id='word_1_134' title='bbox 2145 909 2273 949; x_wconf 88' lang='lat' dir='ltr'>Greve</span> <span class='ocrx_word' id='word_1_135' title='bbox 2292 910 2336 950; x_wconf 84' lang='lat' dir='ltr'>af</span> <span class='ocrx_word' id='word_1_136' title='bbox 2354 910 2558 961; x_wconf 88' lang='lat' dir='ltr'>Holsteen,</span> 
     </span>
     <span class='ocr_line' id='line_1_20' title="bbox 350 976 2558 1033; baseline 0 -12"><span class='ocrx_word' id='word_1_137' title='bbox 350 995 401 1033; x_wconf 81' lang='lat' dir='ltr'>og</span> <span class='ocrx_word' id='word_1_138' title='bbox 445 982 546 1021; x_wconf 85' lang='lat' dir='ltr'>Grev</span> <span class='ocrx_word' id='word_1_139' title='bbox 590 981 663 1020; x_wconf 85' lang='lat' dir='ltr'>Alf</span> <span class='ocrx_word' id='word_1_140' title='bbox 704 979 748 1020; x_wconf 83' lang='lat' dir='ltr'>af.</span> <span class='ocrx_word' id='word_1_141' title='bbox 783 976 1084 1028; x_wconf 85' lang='lat' dir='ltr'>Schauenburg,</span> <span class='ocrx_word' id='word_1_142' title='bbox 1137 990 1188 1028; x_wconf 83' lang='lat' dir='ltr'>og</span> <span class='ocrx_word' id='word_1_143' title='bbox 1231 977 1288 1026; x_wconf 86' lang='lat' dir='ltr'>(til</span> <span class='ocrx_word' id='word_1_144' title='bbox 1335 976 1614 1029; x_wconf 72' lang='lat' dir='ltr'>Vitterlighed)</span> <span class='ocrx_word' id='word_1_145' title='bbox 1665 977 1948 1017; x_wconf 88' lang='lat' dir='ltr'>underskrevet</span> <span class='ocrx_word' id='word_1_146' title='bbox 1991 978 2035 1017; x_wconf 84' lang='lat' dir='ltr'>af</span> <span class='ocrx_word' id='word_1_147' title='bbox 2073 978 2313 1020; x_wconf 81' lang='lat' dir='ltr'>Laurentius</span> <span class='ocrx_word' id='word_1_148' title='bbox 2360 981 2558 1030; x_wconf 88' lang='lat' dir='ltr'>Jonsson,</span> 
     </span>
     <span class='ocr_line' id='line_1_21' title="bbox 352 1046 2561 1103; baseline 0 -12"><span class='ocrx_word' id='word_1_149' title='bbox 352 1052 495 1098; x_wconf 87' lang='lat' dir='ltr'>Drost,</span> <span class='ocrx_word' id='word_1_150' title='bbox 533 1051 688 1100; x_wconf 80' lang='lat' dir='ltr'>Ludvig</span> <span class='ocrx_word' id='word_1_151' title='bbox 717 1047 910 1088; x_wconf 84' lang='lat' dir='ltr'>Alberson</span> <span class='ocrx_word' id='word_1_152' title='bbox 941 1046 1099 1093; x_wconf 84' lang='lat' dir='ltr'>Marsk,</span> <span class='ocrx_word' id='word_1_153' title='bbox 1141 1046 1260 1086; x_wconf 89' lang='lat' dir='ltr'>Knud</span> <span class='ocrx_word' id='word_1_154' title='bbox 1290 1046 1395 1086; x_wconf 89' lang='lat' dir='ltr'>Pors</span> <span class='ocrx_word' id='word_1_155' title='bbox 1423 1047 1575 1086; x_wconf 88' lang='lat' dir='ltr'>Ridder</span> <span class='ocrx_word' id='word_1_156' title='bbox 1604 1047 1660 1086; x_wconf 84' lang='lat' dir='ltr'>fra</span> <span class='ocrx_word' id='word_1_157' title='bbox 1691 1048 1802 1097; x_wconf 80' lang='lat' dir='ltr'>(von)</span> <span class='ocrx_word' id='word_1_158' title='bbox 1829 1047 2053 1096; x_wconf 85' lang='lat' dir='ltr'>Danmark,</span> <span class='ocrx_word' id='word_1_159' title='bbox 2083 1062 2134 1101; x_wconf 85' lang='lat' dir='ltr'>og</span> <span class='ocrx_word' id='word_1_160' title='bbox 2164 1050 2278 1103; x_wconf 83' lang='lat' dir='ltr'>nogle</span> <span class='ocrx_word' id='word_1_161' title='bbox 2307 1050 2561 1092; x_wconf 79' lang='lat' dir='ltr'>holsteenske</span> 
     </span>
     <span class='ocr_line' id='line_1_22' title="bbox 349 1116 2556 1175; baseline -0.001 -14"><span class='ocrx_word' id='word_1_162' title='bbox 349 1122 531 1161; x_wconf 89' lang='lat' dir='ltr'>Riddere.</span> <span class='ocrx_word' id='word_1_163' title='bbox 561 1143 610 1150; x_wconf 91' lang='lat'>—</span> <span class='ocrx_word' id='word_1_164' title='bbox 638 1118 832 1173; x_wconf 75' lang='lat' dir='ltr'>Nyborq,</span> <span class='ocrx_word' id='word_1_165' title='bbox 862 1116 994 1156; x_wconf 82' lang='lat' dir='ltr'>Mariae</span> <span class='ocrx_word' id='word_1_166' title='bbox 1021 1117 1290 1156; x_wconf 85' lang='lat' dir='ltr'>Himmelfarts</span> <span class='ocrx_word' id='word_1_167' title='bbox 1318 1117 1421 1170; x_wconf 81' lang='lat' dir='ltr'>Dag.</span> <span class='ocrx_word' id='word_1_168' title='bbox 2299 1120 2556 1175; x_wconf 67' lang='lat' dir='ltr'>(Plattydsk).</span> 
     </span>
    </p>

    <p class='ocr_par' dir='ltr' id='par_1_14' title="bbox 734 1187 1856 1231">
     <span class='ocr_line' id='line_1_23' title="bbox 734 1187 1856 1231; baseline 0.001 -12"><span class='ocrx_word' id='word_1_169' title='bbox 734 1190 869 1231; x_wconf 78' lang='lat' dir='ltr'>Dreyer</span> <span class='ocrx_word' id='word_1_170' title='bbox 891 1187 1063 1219; x_wconf 85' lang='lat' dir='ltr'>Abhandl.</span> <span class='ocrx_word' id='word_1_171' title='bbox 1088 1188 1132 1220; x_wconf 88' lang='grc' dir='ltr'>ΙΙ.</span> <span class='ocrx_word' id='word_1_172' title='bbox 1162 1187 1354 1220; x_wconf 81' lang='grc'>1019-22.</span> <span class='ocrx_word' id='word_1_173' title='bbox 1850 1199 1856 1203; x_wconf 74' lang='grc'><em>·</em></span> 
     </span>
    </p>

    <p class='ocr_par' dir='ltr' id='par_1_15' title="bbox 345 1249 2561 1514">
     <span class='ocr_line' id='line_1_24' title="bbox 605 1249 2559 1305; baseline 0.002 -16"><span class='ocrx_word' id='word_1_174' title='bbox 605 1250 749 1302; x_wconf 85' lang='grc'><strong>[1999.]</strong></span> <span class='ocrx_word' id='word_1_175' title='bbox 805 1249 1076 1289; x_wconf 65' lang='lat' dir='ltr'>Wommmm</span> <span class='ocrx_word' id='word_1_176' title='bbox 1106 1249 1307 1289; x_wconf 90' lang='lat' dir='ltr'>Danorum</span> <span class='ocrx_word' id='word_1_177' title='bbox 1339 1250 1628 1304; x_wconf 83' lang='lat' dir='ltr'>Slavorumque</span> <span class='ocrx_word' id='word_1_178' title='bbox 1657 1251 1785 1303; x_wconf 86' lang='lat' dir='ltr'>regis,</span> <span class='ocrx_word' id='word_1_179' title='bbox 1824 1250 2022 1303; x_wconf 89' lang='lat' dir='ltr'>quondam</span> <span class='ocrx_word' id='word_1_180' title='bbox 2053 1250 2166 1291; x_wconf 85' lang='lat' dir='ltr'>ducis</span> <span class='ocrx_word' id='word_1_181' title='bbox 2195 1252 2340 1299; x_wconf 86' lang='lat' dir='ltr'>Juciae,</span> <span class='ocrx_word' id='word_1_182' title='bbox 2370 1251 2559 1305; x_wconf 81' lang='lat' dir='ltr'>diploma,</span> 
     </span>
     <span class='ocr_line' id='line_1_25' title="bbox 347 1319 2560 1376; baseline 0.001 -16"><span class='ocrx_word' id='word_1_183' title='bbox 347 1335 424 1374; x_wconf 91' lang='lat' dir='ltr'>quo</span> <span class='ocrx_word' id='word_1_184' title='bbox 454 1321 583 1360; x_wconf 90' lang='lat' dir='ltr'>comiti</span> <span class='ocrx_word' id='word_1_185' title='bbox 614 1319 835 1376; x_wconf 83' lang='lat' dir='ltr'>Gherardo‚</span> <span class='ocrx_word' id='word_1_186' title='bbox 875 1320 1067 1359; x_wconf 82' lang='lat' dir='ltr'>avunculo</span> <span class='ocrx_word' id='word_1_187' title='bbox 1098 1334 1195 1367; x_wconf 91' lang='lat' dir='ltr'>suo,</span> <span class='ocrx_word' id='word_1_188' title='bbox 1240 1325 1279 1359; x_wconf 88' lang='lat' dir='ltr'>et</span> <span class='ocrx_word' id='word_1_189' title='bbox 1307 1319 1529 1360; x_wconf 75' lang='lat' dir='ltr'>haeredibus</span> <span class='ocrx_word' id='word_1_190' title='bbox 1560 1322 1667 1374; x_wconf 88' lang='lat' dir='ltr'>ejus,</span> <span class='ocrx_word' id='word_1_191' title='bbox 1711 1334 1801 1359; x_wconf 87' lang='lat' dir='ltr'>cum</span> <span class='ocrx_word' id='word_1_192' title='bbox 1830 1335 2032 1360; x_wconf 89' lang='lat' dir='ltr'>consensu</span> <span class='ocrx_word' id='word_1_193' title='bbox 2060 1322 2370 1362; x_wconf 82' lang='lat' dir='ltr'>consiliariorum</span> <span class='ocrx_word' id='word_1_194' title='bbox 2400 1336 2560 1364; x_wconf 89' lang='lat' dir='ltr'>suorum</span> 
     </span>
     <span class='ocr_line' id='line_1_26' title="bbox 345 1389 2561 1444; baseline 0.002 -14"><span class='ocrx_word' id='word_1_195' title='bbox 345 1392 585 1441; x_wconf 88' lang='lat' dir='ltr'>(nominatim</span> <span class='ocrx_word' id='word_1_196' title='bbox 623 1391 950 1439; x_wconf 81' lang='lat' dir='ltr'>enumeratorum)</span> <span class='ocrx_word' id='word_1_197' title='bbox 987 1394 1138 1429; x_wconf 89' lang='lat' dir='ltr'>“totum</span> <span class='ocrx_word' id='word_1_198' title='bbox 1177 1390 1364 1429; x_wconf 86' lang='lat' dir='ltr'>ducatum</span> <span class='ocrx_word' id='word_1_199' title='bbox 1393 1390 1525 1431; x_wconf 88' lang='lat' dir='ltr'>Jutie”</span> <span class='ocrx_word' id='word_1_200' title='bbox 1554 1393 1646 1444; x_wconf 87' lang='lat' dir='ltr'>jure</span> <span class='ocrx_word' id='word_1_201' title='bbox 1680 1389 1866 1444; x_wconf 87' lang='lat' dir='ltr'>pheodali</span> <span class='ocrx_word' id='word_1_202' title='bbox 1909 1392 2077 1438; x_wconf 83' lang='lat' dir='ltr'>confert,</span> <span class='ocrx_word' id='word_1_203' title='bbox 2129 1405 2215 1430; x_wconf 88' lang='lat' dir='ltr'>cum</span> <span class='ocrx_word' id='word_1_204' title='bbox 2255 1392 2409 1432; x_wconf 82' lang='lat' dir='ltr'>vexillis</span> <span class='ocrx_word' id='word_1_205' title='bbox 2446 1393 2561 1434; x_wconf 86' lang='lat' dir='ltr'>dictis</span> 
     </span>
     <span class='ocr_line' id='line_1_27' title="bbox 345 1459 2308 1514; baseline 0 -13"><span class='ocrx_word' id='word_1_206' title='bbox 345 1461 557 1501; x_wconf 76' lang='lat' dir='ltr'>vanenlen.</span> <span class='ocrx_word' id='word_1_207' title='bbox 586 1482 639 1489; x_wconf 90' lang='lat'>—</span> <span class='ocrx_word' id='word_1_208' title='bbox 667 1459 868 1514; x_wconf 74' lang='lat' dir='ltr'>Nyborqh</span> <span class='ocrx_word' id='word_1_209' title='bbox 897 1461 938 1498; x_wconf 79' lang='lat' dir='ltr'>in</span> <span class='ocrx_word' id='word_1_210' title='bbox 964 1461 1156 1513; x_wconf 72' lang='lat' dir='ltr'>qeneralz’</span> <span class='ocrx_word' id='word_1_211' title='bbox 1180 1461 1462 1513; x_wconf 76' lang='lat' dir='ltr'>parlamento‚</span> <span class='ocrx_word' id='word_1_212' title='bbox 1495 1460 1557 1500; x_wconf 88' lang='lat' dir='ltr'>die</span> <span class='ocrx_word' id='word_1_213' title='bbox 1587 1462 1872 1513; x_wconf 83' lang='lat' dir='ltr'>assumptionis</span> <span class='ocrx_word' id='word_1_214' title='bbox 1901 1460 1939 1500; x_wconf 92' lang='lat' dir='ltr'><strong>b.</strong></span> <span class='ocrx_word' id='word_1_215' title='bbox 1969 1461 2103 1501; x_wconf 85' lang='lat' dir='ltr'>Mariae</span> <span class='ocrx_word' id='word_1_216' title='bbox 2130 1462 2308 1514; x_wconf 82' lang='lat' dir='ltr'>virginis.</span> 
     </span>
    </p>

    <p class='ocr_par' dir='ltr' id='par_1_16' title="bbox 734 1528 2562 1637">
     <span class='ocr_line' id='line_1_28' title="bbox 734 1528 2560 1574; baseline 0.003 -11"><span class='ocrx_word' id='word_1_217' title='bbox 734 1529 892 1563; x_wconf 77' lang='lat' dir='ltr'>Lernitz</span> <span class='ocrx_word' id='word_1_218' title='bbox 918 1529 1000 1562; x_wconf 91' lang='lat' dir='ltr'>Cod.</span> <span class='ocrx_word' id='word_1_219' title='bbox 1026 1531 1102 1562; x_wconf 88' lang='lat' dir='ltr'>Jur.</span> <span class='ocrx_word' id='word_1_220' title='bbox 1130 1531 1228 1563; x_wconf 83' lang='lat' dir='ltr'>Gent.</span> <span class='ocrx_word' id='word_1_221' title='bbox 1255 1530 1452 1574; x_wconf 69' lang='lat' dir='ltr'>Diplomat„</span> <span class='ocrx_word' id='word_1_222' title='bbox 1476 1531 1650 1564; x_wconf 84' lang='lat' dir='ltr'>Mantissa</span> <span class='ocrx_word' id='word_1_223' title='bbox 1675 1532 1719 1563; x_wconf 92' lang='grc' dir='ltr'>ΙΙ.</span> <span class='ocrx_word' id='word_1_224' title='bbox 1745 1542 1776 1574; x_wconf 88' lang='lat' dir='ltr'>p.</span> <span class='ocrx_word' id='word_1_225' title='bbox 1802 1528 1974 1563; x_wconf 72' lang='lat'><strong>247—49.</strong></span> <span class='ocrx_word' id='word_1_226' title='bbox 2023 1532 2139 1574; x_wconf 80' lang='lat' dir='ltr'>Liinig</span> <span class='ocrx_word' id='word_1_227' title='bbox 2161 1533 2560 1568; x_wconf 76' lang='lat' dir='ltr'>Teutsch.Reiehsar-ch.</span> 
     </span>
     <span class='ocr_line' id='line_1_29' title="bbox 734 1592 2562 1637; baseline 0.002 -12"><span class='ocrx_word' id='word_1_228' title='bbox 734 1592 816 1625; x_wconf 75' lang='lat' dir='ltr'>Vol.</span> <span class='ocrx_word' id='word_1_229' title='bbox 840 1593 886 1624; x_wconf 89' lang='lat' dir='ltr'><strong>X.</strong></span> <span class='ocrx_word' id='word_1_230' title='bbox 911 1593 949 1624; x_wconf 93' lang='lat' dir='ltr'>P.</span> <span class='ocrx_word' id='word_1_231' title='bbox 976 1593 1074 1634; x_wconf 83' lang='lat' dir='ltr'>Spec.</span> <span class='ocrx_word' id='word_1_232' title='bbox 1099 1593 1162 1626; x_wconf 90' lang='lat' dir='ltr'><strong>VI.</strong></span> <span class='ocrx_word' id='word_1_233' title='bbox 1192 1592 1327 1625; x_wconf 87' lang='lat' dir='ltr'>Contin.</span> <span class='ocrx_word' id='word_1_234' title='bbox 1353 1594 1416 1625; x_wconf 87' lang='lat' dir='ltr'><strong>VI.</strong></span> <span class='ocrx_word' id='word_1_235' title='bbox 1442 1593 1497 1625; x_wconf 76' lang='lat' dir='ltr'>22e</span> <span class='ocrx_word' id='word_1_236' title='bbox 1516 1595 1690 1626; x_wconf 84' lang='lat' dir='ltr'>Fortsetz.</span> <span class='ocrx_word' id='word_1_237' title='bbox 1713 1604 1744 1636; x_wconf 92' lang='lat' dir='ltr'>p.</span> <span class='ocrx_word' id='word_1_238' title='bbox 1769 1593 1872 1626; x_wconf 78' lang='lat'>3-4,</span> <span class='ocrx_word' id='word_1_239' title='bbox 1931 1593 2092 1637; x_wconf 86' lang='lat' dir='ltr'>Londorp</span> <span class='ocrx_word' id='word_1_240' title='bbox 2117 1597 2205 1627; x_wconf 86' lang='lat' dir='ltr'>Acta</span> <span class='ocrx_word' id='word_1_241' title='bbox 2238 1595 2328 1637; x_wconf 89' lang='lat' dir='ltr'>publ.</span> <span class='ocrx_word' id='word_1_242' title='bbox 2362 1597 2457 1627; x_wconf 82' lang='lat' dir='ltr'>Tom.</span> <span class='ocrx_word' id='word_1_243' title='bbox 2481 1596 2562 1629; x_wconf 87' lang='lat' dir='ltr'><strong>XII.</strong></span> 
     </span>
    </p>
   </div>
   <div class='ocr_carea' id='block_1_12' title="bbox 735 1653 2562 1758">
    <p class='ocr_par' dir='ltr' id='par_1_17' title="bbox 735 1653 2562 1758">
     <span class='ocr_line' id='line_1_30' title="bbox 736 1653 2562 1700; baseline 0.003 -14"><span class='ocrx_word' id='word_1_244' title='bbox 736 1653 892 1696; x_wconf 84' lang='lat' dir='ltr'>(Contin.</span> <span class='ocrx_word' id='word_1_245' title='bbox 917 1654 1015 1686; x_wconf 88' lang='lat' dir='ltr'><strong>VIII.</strong></span> <span class='ocrx_word' id='word_1_246' title='bbox 1041 1653 1124 1697; x_wconf 83' lang='lat' dir='ltr'><strong>Th.)</strong></span> <span class='ocrx_word' id='word_1_247' title='bbox 1149 1656 1188 1686; x_wconf 92' lang='lat' dir='ltr'><strong>B.</strong></span> <span class='ocrx_word' id='word_1_248' title='bbox 1212 1655 1310 1687; x_wconf 89' lang='lat' dir='ltr'><strong>XIII.</strong></span> <span class='ocrx_word' id='word_1_249' title='bbox 1336 1666 1367 1698; x_wconf 88' lang='lat' dir='ltr'>p.</span> <span class='ocrx_word' id='word_1_250' title='bbox 1392 1655 1564 1687; x_wconf 72' lang='lat'><strong>343—44.</strong></span> <span class='ocrx_word' id='word_1_251' title='bbox 1625 1656 1765 1687; x_wconf 87' lang='lat' dir='ltr'>Hansen</span> <span class='ocrx_word' id='word_1_252' title='bbox 1799 1655 2058 1689; x_wconf 83' lang='lat' dir='ltr'>Staatsbeschr.</span> <span class='ocrx_word' id='word_1_253' title='bbox 2093 1656 2300 1698; x_wconf 81' lang='lat' dir='ltr'>Schleswigs</span> <span class='ocrx_word' id='word_1_254' title='bbox 2333 1667 2365 1700; x_wconf 90' lang='lat' dir='ltr'>p.</span> <span class='ocrx_word' id='word_1_255' title='bbox 2390 1657 2562 1691; x_wconf 79' lang='lat'><strong>553—66.</strong></span> 
     </span>
     <span class='ocr_line' id='line_1_31' title="bbox 735 1715 2561 1758; baseline 0.003 -11"><span class='ocrx_word' id='word_1_256' title='bbox 735 1716 920 1757; x_wconf 78' lang='lat' dir='ltr'>Langebck</span> <span class='ocrx_word' id='word_1_257' title='bbox 948 1715 1085 1758; x_wconf 81' lang='lat' dir='ltr'>Scriptt.</span> <span class='ocrx_word' id='word_1_258' title='bbox 1120 1717 1200 1748; x_wconf 73' lang='lat' dir='ltr'><strong>Vll.</strong></span> <span class='ocrx_word' id='word_1_259' title='bbox 1232 1716 1405 1750; x_wconf 81' lang='lat'><strong>355—56.</strong></span> <span class='ocrx_word' id='word_1_260' title='bbox 1464 1717 1655 1749; x_wconf 81' lang='lat' dir='ltr'>Michelsen</span> <span class='ocrx_word' id='word_1_261' title='bbox 1680 1716 2068 1758; x_wconf 79' lang='lat' dir='ltr'>Urkundensammlung</span> <span class='ocrx_word' id='word_1_262' title='bbox 2100 1718 2144 1750; x_wconf 86' lang='lat'>11.</span> <span class='ocrx_word' id='word_1_263' title='bbox 2170 1728 2226 1751; x_wconf 91' lang='lat' dir='ltr'>no.</span> <span class='ocrx_word' id='word_1_264' title='bbox 2251 1719 2380 1751; x_wconf 88' lang='lat' dir='ltr'><strong>LVIII.</strong></span> <span class='ocrx_word' id='word_1_265' title='bbox 2413 1718 2561 1752; x_wconf 73' lang='lat'><strong>64—65.</strong></span> 
     </span>
    </p>
   </div>
   <div class='ocr_carea' id='block_1_13' title="bbox 346 1776 2633 2247">
    <p class='ocr_par' dir='ltr' id='par_1_18' title="bbox 607 1776 2562 1833">
     <span class='ocr_line' id='line_1_32' title="bbox 607 1776 2562 1833; baseline 0.003 -18"><span class='ocrx_word' id='word_1_266' title='bbox 607 1776 754 1828; x_wconf 55' lang='lat'>[2000]</span> <span class='ocrx_word' id='word_1_267' title='bbox 811 1777 976 1817; x_wconf 72' lang='lat' dir='ltr'>KAuom</span> <span class='ocrx_word' id='word_1_268' title='bbox 1020 1776 1309 1831; x_wconf 87' lang='lat' dir='ltr'>archiepiscopi</span> <span class='ocrx_word' id='word_1_269' title='bbox 1351 1778 1585 1817; x_wconf 87' lang='lat' dir='ltr'>Lundensis</span> <span class='ocrx_word' id='word_1_270' title='bbox 1630 1779 1806 1818; x_wconf 86' lang='lat' dir='ltr'>ecclesiae</span> <span class='ocrx_word' id='word_1_271' title='bbox 1851 1782 1890 1817; x_wconf 86' lang='lat' dir='ltr'>et</span> <span class='ocrx_word' id='word_1_272' title='bbox 1926 1778 1985 1817; x_wconf 84' lang='lat' dir='ltr'>Xl</span> <span class='ocrx_word' id='word_1_273' title='bbox 2028 1780 2188 1818; x_wconf 87' lang='lat' dir='ltr'>aliorum</span> <span class='ocrx_word' id='word_1_274' title='bbox 2232 1781 2372 1827; x_wconf 85' lang='lat' dir='ltr'>literae,</span> <span class='ocrx_word' id='word_1_275' title='bbox 2416 1780 2562 1833; x_wconf 86' lang='lat' dir='ltr'>quibus</span> 
     </span>
    </p>

    <p class='ocr_par' dir='ltr' id='par_1_19' title="bbox 346 1847 2616 1903">
     <span class='ocr_line' id='line_1_33' title="bbox 346 1847 2616 1903; baseline 0.002 -18"><span class='ocrx_word' id='word_1_276' title='bbox 346 1849 557 1893; x_wconf 84' lang='lat' dir='ltr'>testantur,</span> <span class='ocrx_word' id='word_1_277' title='bbox 599 1847 893 1886; x_wconf 60' lang='lat' dir='ltr'>W&#39;aldemarum</span> <span class='ocrx_word' id='word_1_278' title='bbox 929 1860 1063 1899; x_wconf 85' lang='lat' dir='ltr'>regem</span> <span class='ocrx_word' id='word_1_279' title='bbox 1099 1849 1292 1887; x_wconf 86' lang='lat' dir='ltr'>avunculo</span> <span class='ocrx_word' id='word_1_280' title='bbox 1323 1862 1399 1887; x_wconf 91' lang='lat' dir='ltr'>suo</span> <span class='ocrx_word' id='word_1_281' title='bbox 1431 1848 1607 1888; x_wconf 89' lang='lat' dir='ltr'>Gerardo</span> <span class='ocrx_word' id='word_1_282' title='bbox 1644 1849 1733 1887; x_wconf 87' lang='lat' dir='ltr'>duci</span> <span class='ocrx_word' id='word_1_283' title='bbox 1773 1852 1812 1887; x_wconf 90' lang='lat' dir='ltr'>et</span> <span class='ocrx_word' id='word_1_284' title='bbox 1841 1848 2026 1900; x_wconf 82' lang='lat' dir='ltr'>legitimis</span> <span class='ocrx_word' id='word_1_285' title='bbox 2056 1849 2281 1889; x_wconf 80' lang='lat' dir='ltr'>haeredibus</span> <span class='ocrx_word' id='word_1_286' title='bbox 2320 1852 2409 1903; x_wconf 89' lang='lat' dir='ltr'>ejus</span> <span class='ocrx_word' id='word_1_287' title='bbox 2440 1855 2563 1890; x_wconf 79' lang='lat' dir='ltr'>totum</span> <span class='ocrx_word' id='word_1_288' title='bbox 2614 1879 2616 1882; x_wconf 30' lang='grc' dir='ltr'><em>ψ</em></span> 
     </span>
    </p>

    <p class='ocr_par' dir='ltr' id='par_1_20' title="bbox 348 1916 2563 1973">
     <span class='ocr_line' id='line_1_34' title="bbox 348 1916 2563 1973; baseline 0.001 -16"><span class='ocrx_word' id='word_1_289' title='bbox 348 1917 531 1957; x_wconf 87' lang='lat' dir='ltr'>ducatum</span> <span class='ocrx_word' id='word_1_290' title='bbox 560 1916 673 1956; x_wconf 80' lang='lat' dir='ltr'>Jutiae</span> <span class='ocrx_word' id='word_1_291' title='bbox 697 1918 787 1970; x_wconf 87' lang='lat' dir='ltr'>jure</span> <span class='ocrx_word' id='word_1_292' title='bbox 815 1917 999 1970; x_wconf 89' lang='lat' dir='ltr'>pheodali</span> <span class='ocrx_word' id='word_1_293' title='bbox 1030 1932 1117 1957; x_wconf 87' lang='lat' dir='ltr'>cum</span> <span class='ocrx_word' id='word_1_294' title='bbox 1147 1919 1300 1958; x_wconf 79' lang='lat' dir='ltr'>vexillis</span> <span class='ocrx_word' id='word_1_295' title='bbox 1331 1919 1518 1958; x_wconf 77' lang='lat' dir='ltr'>vanenlen</span> <span class='ocrx_word' id='word_1_296' title='bbox 1549 1919 1769 1958; x_wconf 79' lang='lat' dir='ltr'>contulisse</span> <span class='ocrx_word' id='word_1_297' title='bbox 1797 1933 1868 1972; x_wconf 85' lang='lat' dir='ltr'>pro</span> <span class='ocrx_word' id='word_1_298' title='bbox 1898 1919 2122 1965; x_wconf 86' lang='lat' dir='ltr'>beneficiis,</span> <span class='ocrx_word' id='word_1_299' title='bbox 2161 1934 2247 1973; x_wconf 83' lang='lat' dir='ltr'>quae</span> <span class='ocrx_word' id='word_1_300' title='bbox 2276 1935 2396 1973; x_wconf 86' lang='lat' dir='ltr'>regno</span> <span class='ocrx_word' id='word_1_301' title='bbox 2427 1920 2563 1962; x_wconf 74' lang='lat' dir='ltr'>Dauiae</span> 
     </span>
    </p>

    <p class='ocr_par' dir='ltr' id='par_1_21' title="bbox 348 1987 2562 2040">
     <span class='ocr_line' id='line_1_35' title="bbox 348 1987 2562 2040; baseline 0.001 -13"><span class='ocrx_word' id='word_1_302' title='bbox 348 2001 370 2027; x_wconf 90' lang='lat' dir='ltr'>a</span> <span class='ocrx_word' id='word_1_303' title='bbox 402 1987 686 2040; x_wconf 88' lang='lat' dir='ltr'>Christophoro</span> <span class='ocrx_word' id='word_1_304' title='bbox 716 2001 808 2039; x_wconf 83' lang='lat' dir='ltr'>rege</span> <span class='ocrx_word' id='word_1_305' title='bbox 837 1992 979 2026; x_wconf 75' lang='lat' dir='ltr'>vexato</span> <span class='ocrx_word' id='word_1_306' title='bbox 1009 1989 1254 2040; x_wconf 75' lang='lat' dir='ltr'>praestiterat.</span> <span class='ocrx_word' id='word_1_307' title='bbox 1292 2012 1346 2018; x_wconf 93' lang='lat'>—-</span> <span class='ocrx_word' id='word_1_308' title='bbox 1389 1989 1538 2028; x_wconf 90' lang='lat' dir='ltr'>Testes</span> <span class='ocrx_word' id='word_1_309' title='bbox 1577 1994 1854 2029; x_wconf 85' lang='lat' dir='ltr'>enumerantur</span> <span class='ocrx_word' id='word_1_310' title='bbox 1892 1990 1970 2029; x_wconf 81' lang='lat' dir='ltr'>dux</span> <span class='ocrx_word' id='word_1_311' title='bbox 2001 1990 2183 2029; x_wconf 81' lang='lat' dir='ltr'>Saxoniae</span> <span class='ocrx_word' id='word_1_312' title='bbox 2213 1990 2404 2031; x_wconf 87' lang='lat' dir='ltr'>Albertus</span> <span class='ocrx_word' id='word_1_313' title='bbox 2434 1996 2472 2030; x_wconf 92' lang='lat' dir='ltr'>et</span> <span class='ocrx_word' id='word_1_314' title='bbox 2501 2005 2562 2030; x_wconf 90' lang='lat' dir='ltr'>co-</span> 
     </span>
    </p>

    <p class='ocr_par' dir='ltr' id='par_1_22' title="bbox 348 2057 2563 2115">
     <span class='ocr_line' id='line_1_36' title="bbox 348 2057 2563 2115; baseline 0.002 -19"><span class='ocrx_word' id='word_1_315' title='bbox 348 2059 464 2097; x_wconf 85' lang='lat' dir='ltr'>mites</span> <span class='ocrx_word' id='word_1_316' title='bbox 494 2057 695 2103; x_wconf 76' lang='lat' dir='ltr'>Holsatiae,</span> <span class='ocrx_word' id='word_1_317' title='bbox 726 2058 996 2097; x_wconf 82' lang='lat' dir='ltr'>Zwerinensis</span> <span class='ocrx_word' id='word_1_318' title='bbox 1021 2063 1094 2098; x_wconf 92' lang='lat' dir='ltr'>etc.</span> <span class='ocrx_word' id='word_1_319' title='bbox 1121 2081 1171 2086; x_wconf 91' lang='lat'><strong>—</strong></span> <span class='ocrx_word' id='word_1_320' title='bbox 1195 2058 1397 2112; x_wconf 64' lang='lat' dir='ltr'>Nyborqli</span> <span class='ocrx_word' id='word_1_321' title='bbox 1427 2061 1468 2099; x_wconf 82' lang='lat' dir='ltr'>in</span> <span class='ocrx_word' id='word_1_322' title='bbox 1494 2060 1686 2113; x_wconf 70' lang='lat' dir='ltr'>qenerali</span> <span class='ocrx_word' id='word_1_323' title='bbox 1708 2060 1986 2113; x_wconf 77' lang='lat' dir='ltr'>parlamento,</span> <span class='ocrx_word' id='word_1_324' title='bbox 2016 2061 2052 2100; x_wconf 89' lang='lat' dir='ltr'>in</span> <span class='ocrx_word' id='word_1_325' title='bbox 2077 2062 2249 2100; x_wconf 89' lang='lat' dir='ltr'>crastino</span> <span class='ocrx_word' id='word_1_326' title='bbox 2274 2062 2563 2115; x_wconf 86' lang='lat' dir='ltr'>assumptionis</span> 
     </span>
    </p>

    <p class='ocr_par' dir='ltr' id='par_1_23' title="bbox 349 2127 2633 2247">
     <span class='ocr_line' id='line_1_37' title="bbox 349 2127 2633 2186; baseline 0.002 -19"><span class='ocrx_word' id='word_1_327' title='bbox 349 2127 387 2167; x_wconf 91' lang='lat' dir='ltr'><strong>b.</strong></span> <span class='ocrx_word' id='word_1_328' title='bbox 418 2127 552 2167; x_wconf 83' lang='lat' dir='ltr'>Mariae</span> <span class='ocrx_word' id='word_1_329' title='bbox 581 2130 755 2181; x_wconf 82' lang='lat' dir='ltr'>virginis.</span> <span class='ocrx_word' id='word_1_330' title='bbox 2629 2178 2633 2186; x_wconf 31' lang='lat' dir='ltr'><em>s</em></span> 
     </span>
     <span class='ocr_line' id='line_1_38' title="bbox 736 2198 2563 2247; baseline 0.004 -16"><span class='ocrx_word' id='word_1_331' title='bbox 736 2199 924 2244; x_wconf 78' lang='lat' dir='ltr'>Langebek</span> <span class='ocrx_word' id='word_1_332' title='bbox 961 2198 1100 2242; x_wconf 88' lang='lat' dir='ltr'>Scriptt.</span> <span class='ocrx_word' id='word_1_333' title='bbox 1135 2200 1214 2232; x_wconf 76' lang='lat' dir='ltr'><strong>VII.</strong></span> <span class='ocrx_word' id='word_1_334' title='bbox 1251 2198 1424 2232; x_wconf 80' lang='lat'><strong>356—57.</strong></span> <span class='ocrx_word' id='word_1_335' title='bbox 1485 2199 1676 2233; x_wconf 88' lang='lat' dir='ltr'>Michelsen</span> <span class='ocrx_word' id='word_1_336' title='bbox 1700 2200 2027 2234; x_wconf 84' lang='lat' dir='ltr'>Urkundensamml.</span> <span class='ocrx_word' id='word_1_337' title='bbox 2060 2202 2103 2234; x_wconf 92' lang='lat' dir='ltr'><strong>II.</strong></span> <span class='ocrx_word' id='word_1_338' title='bbox 2142 2212 2197 2234; x_wconf 91' lang='lat' dir='ltr'>no.</span> <span class='ocrx_word' id='word_1_339' title='bbox 2223 2202 2319 2235; x_wconf 88' lang='lat' dir='ltr'><strong>LIX.</strong></span> <span class='ocrx_word' id='word_1_340' title='bbox 2350 2214 2382 2247; x_wconf 92' lang='lat' dir='ltr'>p.</span> <span class='ocrx_word' id='word_1_341' title='bbox 2414 2202 2563 2238; x_wconf 81' lang='lat'><strong>66—67.</strong></span> 
     </span>
    </p>
   </div>
   <div class='ocr_carea' id='block_1_14' title="bbox 739 2260 2564 2366">
    <p class='ocr_par' dir='ltr' id='par_1_24' title="bbox 739 2260 2564 2366">
     <span class='ocr_line' id='line_1_39' title="bbox 740 2260 2564 2310; baseline 0.004 -18"><span class='ocrx_word' id='word_1_342' title='bbox 740 2261 825 2293; x_wconf 90' lang='lat' dir='ltr'>Dan.</span> <span class='ocrx_word' id='word_1_343' title='bbox 862 2260 1002 2304; x_wconf 84' lang='lat' dir='ltr'>interpr.</span> <span class='ocrx_word' id='word_1_344' title='bbox 1041 2271 1093 2303; x_wconf 86' lang='lat' dir='ltr'>ap.</span> <span class='ocrx_word' id='word_1_345' title='bbox 1132 2260 1316 2301; x_wconf 77' lang='lat' dir='ltr'>Hvitfeldt,</span> <span class='ocrx_word' id='word_1_346' title='bbox 1353 2262 1476 2293; x_wconf 88' lang='lat' dir='ltr'>Danm.</span> <span class='ocrx_word' id='word_1_347' title='bbox 1514 2262 1624 2304; x_wconf 79' lang='lat' dir='ltr'>Riges</span> <span class='ocrx_word' id='word_1_348' title='bbox 1662 2264 1770 2296; x_wconf 72' lang='lat' dir='ltr'>Kron.</span> <span class='ocrx_word' id='word_1_349' title='bbox 1807 2274 1840 2307; x_wconf 90' lang='lat' dir='ltr'>p.</span> <span class='ocrx_word' id='word_1_350' title='bbox 1877 2263 1945 2296; x_wconf 81' lang='lat'>433</span> <span class='ocrx_word' id='word_1_351' title='bbox 1980 2262 2054 2305; x_wconf 86' lang='lat' dir='ltr'>(ed.</span> <span class='ocrx_word' id='word_1_352' title='bbox 2086 2262 2119 2295; x_wconf 90' lang='lat' dir='ltr'>in</span> <span class='ocrx_word' id='word_1_353' title='bbox 2157 2264 2190 2297; x_wconf 85' lang='lat'><strong>4.</strong></span> <span class='ocrx_word' id='word_1_354' title='bbox 2222 2266 2262 2298; x_wconf 88' lang='grc' dir='ltr'>Τ.</span> <span class='ocrx_word' id='word_1_355' title='bbox 2295 2265 2357 2298; x_wconf 90' lang='lat' dir='ltr'><strong>III.</strong></span> <span class='ocrx_word' id='word_1_356' title='bbox 2390 2276 2422 2309; x_wconf 88' lang='lat' dir='ltr'>p.</span> <span class='ocrx_word' id='word_1_357' title='bbox 2452 2266 2564 2310; x_wconf 59' lang='lat'><strong>3350.</strong></span> 
     </span>
     <span class='ocr_line' id='line_1_40' title="bbox 739 2322 1654 2366; baseline 0.003 -12"><span class='ocrx_word' id='word_1_358' title='bbox 739 2326 771 2355; x_wconf 88' lang='lat' dir='ltr'>et</span> <span class='ocrx_word' id='word_1_359' title='bbox 795 2333 847 2366; x_wconf 88' lang='lat' dir='ltr'>ap.</span> <span class='ocrx_word' id='word_1_360' title='bbox 873 2323 999 2364; x_wconf 83' lang='lat' dir='ltr'>Suhm,</span> <span class='ocrx_word' id='word_1_361' title='bbox 1024 2322 1116 2355; x_wconf 89' lang='lat' dir='ltr'>Hist.</span> <span class='ocrx_word' id='word_1_362' title='bbox 1142 2322 1181 2354; x_wconf 84' lang='lat' dir='ltr'>af</span> <span class='ocrx_word' id='word_1_363' title='bbox 1202 2323 1350 2355; x_wconf 81' lang='lat' dir='ltr'>Danmk.</span> <span class='ocrx_word' id='word_1_364' title='bbox 1375 2324 1456 2356; x_wconf 91' lang='lat' dir='ltr'><strong>XII.</strong></span> <span class='ocrx_word' id='word_1_365' title='bbox 1487 2324 1654 2358; x_wconf 81' lang='lat'><strong>1:37—38.</strong></span> 
     </span>
    </p>
   </div>
   <div class='ocr_carea' id='block_1_15' title="bbox 348 2397 2564 3008">
    <p class='ocr_par' dir='ltr' id='par_1_25' title="bbox 348 2397 2564 2661">
     <span class='ocr_line' id='line_1_41' title="bbox 614 2397 2564 2459; baseline 0.004 -22"><span class='ocrx_word' id='word_1_366' title='bbox 614 2397 758 2449; x_wconf 64' lang='lat'>[2001]</span> <span class='ocrx_word' id='word_1_367' title='bbox 815 2399 1062 2438; x_wconf 65' lang='lat' dir='ltr'>LAunsss&#39;rn</span> <span class='ocrx_word' id='word_1_368' title='bbox 1105 2399 1266 2451; x_wconf 87' lang='lat' dir='ltr'>dapiferi</span> <span class='ocrx_word' id='word_1_369' title='bbox 1299 2403 1336 2437; x_wconf 82' lang='lat' dir='ltr'>et</span> <span class='ocrx_word' id='word_1_370' title='bbox 1371 2399 1421 2439; x_wconf 83' lang='lat'>35</span> <span class='ocrx_word' id='word_1_371' title='bbox 1463 2401 1626 2441; x_wconf 79' lang='lat' dir='ltr'>aliorum</span> <span class='ocrx_word' id='word_1_372' title='bbox 1665 2402 1805 2448; x_wconf 68' lang='lat' dir='ltr'>literae,</span> <span class='ocrx_word' id='word_1_373' title='bbox 1849 2399 1995 2454; x_wconf 86' lang='lat' dir='ltr'>quibus</span> <span class='ocrx_word' id='word_1_374' title='bbox 2037 2405 2230 2441; x_wconf 86' lang='lat' dir='ltr'>testantur</span> <span class='ocrx_word' id='word_1_375' title='bbox 2272 2402 2564 2459; x_wconf 55' lang='lat' dir='ltr'>IValdem&#39;arum</span> 
     </span>
     <span class='ocr_line' id='line_1_42' title="bbox 348 2466 2564 2528; baseline 0.004 -23"><span class='ocrx_word' id='word_1_376' title='bbox 348 2479 479 2518; x_wconf 85' lang='lat' dir='ltr'>regem</span> <span class='ocrx_word' id='word_1_377' title='bbox 507 2466 709 2506; x_wconf 90' lang='lat' dir='ltr'>Danorum</span> <span class='ocrx_word' id='word_1_378' title='bbox 739 2469 915 2521; x_wconf 85' lang='lat' dir='ltr'>ipsorum</span> <span class='ocrx_word' id='word_1_379' title='bbox 946 2469 1111 2508; x_wconf 91' lang='lat' dir='ltr'>consilio</span> <span class='ocrx_word' id='word_1_380' title='bbox 1142 2472 1180 2507; x_wconf 89' lang='lat' dir='ltr'>et</span> <span class='ocrx_word' id='word_1_381' title='bbox 1209 2483 1384 2508; x_wconf 87' lang='lat' dir='ltr'>assensu</span> <span class='ocrx_word' id='word_1_382' title='bbox 1415 2470 1615 2517; x_wconf 89' lang='lat' dir='ltr'>Gerardo,</span> <span class='ocrx_word' id='word_1_383' title='bbox 1659 2472 1789 2510; x_wconf 87' lang='lat' dir='ltr'>comiti</span> <span class='ocrx_word' id='word_1_384' title='bbox 1820 2471 2008 2511; x_wconf 87' lang='lat' dir='ltr'>Holsatiae</span> <span class='ocrx_word' id='word_1_385' title='bbox 2040 2475 2077 2510; x_wconf 92' lang='lat' dir='ltr'>et</span> <span class='ocrx_word' id='word_1_386' title='bbox 2107 2472 2351 2521; x_wconf 87' lang='lat' dir='ltr'>Stormariae,</span> <span class='ocrx_word' id='word_1_387' title='bbox 2395 2475 2564 2528; x_wconf 91' lang='lat' dir='ltr'>ejusque</span> 
     </span>
     <span class='ocr_line' id='line_1_43' title="bbox 352 2536 2562 2595; baseline 0.005 -22"><span class='ocrx_word' id='word_1_388' title='bbox 352 2536 536 2587; x_wconf 83' lang='lat' dir='ltr'>legitimis</span> <span class='ocrx_word' id='word_1_389' title='bbox 573 2536 793 2578; x_wconf 80' lang='lat' dir='ltr'>haeredibus</span> <span class='ocrx_word' id='word_1_390' title='bbox 830 2543 955 2578; x_wconf 85' lang='lat' dir='ltr'>totum</span> <span class='ocrx_word' id='word_1_391' title='bbox 993 2539 1177 2578; x_wconf 85' lang='lat' dir='ltr'>ducatum</span> <span class='ocrx_word' id='word_1_392' title='bbox 1207 2538 1323 2579; x_wconf 81' lang='lat' dir='ltr'>Jutiae</span> <span class='ocrx_word' id='word_1_393' title='bbox 1352 2541 1441 2593; x_wconf 86' lang='lat' dir='ltr'>jure</span> <span class='ocrx_word' id='word_1_394' title='bbox 1471 2541 1615 2581; x_wconf 87' lang='lat' dir='ltr'>feudali</span> <span class='ocrx_word' id='word_1_395' title='bbox 1645 2542 1876 2582; x_wconf 87' lang='lat' dir='ltr'>contulisse.</span> <span class='ocrx_word' id='word_1_396' title='bbox 1919 2565 1973 2572; x_wconf 90' lang='lat'>-—-</span> <span class='ocrx_word' id='word_1_397' title='bbox 2014 2541 2264 2595; x_wconf 70' lang='lat' dir='ltr'>Nyuborqlz,</span> <span class='ocrx_word' id='word_1_398' title='bbox 2309 2544 2345 2582; x_wconf 92' lang='lat' dir='ltr'>in</span> <span class='ocrx_word' id='word_1_399' title='bbox 2390 2546 2562 2584; x_wconf 85' lang='lat' dir='ltr'>crastino</span> 
     </span>
     <span class='ocr_line' id='line_1_44' title="bbox 353 2608 1004 2661; baseline 0.005 -17"><span class='ocrx_word' id='word_1_400' title='bbox 353 2608 637 2659; x_wconf 87' lang='lat' dir='ltr'>assumptionis</span> <span class='ocrx_word' id='word_1_401' title='bbox 666 2608 798 2647; x_wconf 81' lang='lat' dir='ltr'>Mariae</span> <span class='ocrx_word' id='word_1_402' title='bbox 827 2610 1004 2661; x_wconf 76' lang='lat' dir='ltr'>virginis.</span> 
     </span>
    </p>

    <p class='ocr_par' dir='ltr' id='par_1_26' title="bbox 743 2678 1392 2722">
     <span class='ocr_line' id='line_1_45' title="bbox 743 2678 1392 2722; baseline 0.003 -12"><span class='ocrx_word' id='word_1_403' title='bbox 743 2680 927 2720; x_wconf 79' lang='lat' dir='ltr'>Langebek</span> <span class='ocrx_word' id='word_1_404' title='bbox 952 2678 1090 2722; x_wconf 83' lang='lat' dir='ltr'>Scriptt.</span> <span class='ocrx_word' id='word_1_405' title='bbox 1115 2679 1195 2712; x_wconf 76' lang='lat' dir='ltr'>vn.</span> <span class='ocrx_word' id='word_1_406' title='bbox 1219 2679 1392 2712; x_wconf 83' lang='lat'><strong>357-58.</strong></span> 
     </span>
    </p>

    <p class='ocr_par' dir='ltr' id='par_1_27' title="bbox 357 2747 2564 2933">
     <span class='ocr_line' id='line_1_46' title="bbox 615 2747 2562 2809; baseline 0.004 -21"><span class='ocrx_word' id='word_1_407' title='bbox 615 2750 770 2800; x_wconf 59' lang='lat'>[2002]</span> <span class='ocrx_word' id='word_1_408' title='bbox 828 2752 1107 2792; x_wconf 53' lang='lat' dir='ltr'>IVArnssmAm</span> <span class='ocrx_word' id='word_1_409' title='bbox 1142 2747 1249 2803; x_wconf 83' lang='lat' dir='ltr'>regis</span> <span class='ocrx_word' id='word_1_410' title='bbox 1278 2752 1482 2792; x_wconf 90' lang='lat' dir='ltr'>Danorum</span> <span class='ocrx_word' id='word_1_411' title='bbox 1513 2754 1632 2793; x_wconf 86' lang='lat' dir='ltr'>literae</span> <span class='ocrx_word' id='word_1_412' title='bbox 1661 2754 1905 2807; x_wconf 70' lang='lat' dir='ltr'>prote-ctoriae</span> <span class='ocrx_word' id='word_1_413' title='bbox 1941 2757 1981 2793; x_wconf 87' lang='lat' dir='ltr'>et</span> <span class='ocrx_word' id='word_1_414' title='bbox 2008 2754 2210 2807; x_wconf 82' lang='lat' dir='ltr'>privilegia</span> <span class='ocrx_word' id='word_1_415' title='bbox 2241 2755 2330 2795; x_wconf 87' lang='lat' dir='ltr'>data</span> <span class='ocrx_word' id='word_1_416' title='bbox 2359 2755 2562 2809; x_wconf 87' lang='lat' dir='ltr'>burgensi-</span> 
     </span>
     <span class='ocr_line' id='line_1_47' title="bbox 357 2814 2564 2880; baseline 0.007 -28"><span class='ocrx_word' id='word_1_417' title='bbox 357 2814 432 2853; x_wconf 91' lang='lat' dir='ltr'>bus</span> <span class='ocrx_word' id='word_1_418' title='bbox 463 2816 510 2855; x_wconf 87' lang='lat' dir='ltr'>de</span> <span class='ocrx_word' id='word_1_419' title='bbox 536 2817 812 2872; x_wconf 60' lang='lat' dir='ltr'>Harderwyck,</span> <span class='ocrx_word' id='word_1_420' title='bbox 842 2821 1066 2874; x_wconf 81' lang='lat' dir='ltr'>ubicunque</span> <span class='ocrx_word' id='word_1_421' title='bbox 1104 2823 1140 2860; x_wconf 93' lang='lat' dir='ltr'>in</span> <span class='ocrx_word' id='word_1_422' title='bbox 1172 2836 1334 2873; x_wconf 80' lang='lat' dir='ltr'>regnum</span> <span class='ocrx_word' id='word_1_423' title='bbox 1363 2821 1501 2862; x_wconf 84' lang='lat' dir='ltr'>Daniae</span> <span class='ocrx_word' id='word_1_424' title='bbox 1532 2825 1568 2862; x_wconf 93' lang='lat' dir='ltr'>in</span> <span class='ocrx_word' id='word_1_425' title='bbox 1594 2823 1749 2863; x_wconf 76' lang='lat' dir='ltr'>Skaniir</span> <span class='ocrx_word' id='word_1_426' title='bbox 1777 2824 1841 2864; x_wconf 77' lang='lat' dir='ltr'>vel</span> <span class='ocrx_word' id='word_1_427' title='bbox 1870 2823 1961 2863; x_wconf 88' lang='lat' dir='ltr'>alibi</span> <span class='ocrx_word' id='word_1_428' title='bbox 1990 2824 2228 2864; x_wconf 85' lang='lat' dir='ltr'>advenerint.</span> <span class='ocrx_word' id='word_1_429' title='bbox 2259 2848 2309 2855; x_wconf 90' lang='lat'><strong>—</strong></span> <span class='ocrx_word' id='word_1_430' title='bbox 2349 2826 2564 2880; x_wconf 75' lang='lat' dir='ltr'>Wordinq-</span> 
     </span>
     <span class='ocr_line' id='line_1_48' title="bbox 358 2883 1165 2933; baseline 0.011 -11"><span class='ocrx_word' id='word_1_431' title='bbox 358 2883 498 2933; x_wconf 74' lang='lat' dir='ltr'>borch,</span> <span class='ocrx_word' id='word_1_432' title='bbox 528 2885 576 2925; x_wconf 73' lang='lat' dir='ltr'><strong>V.</strong></span> <span class='ocrx_word' id='word_1_433' title='bbox 608 2888 700 2927; x_wconf 86' lang='lat' dir='ltr'>seria</span> <span class='ocrx_word' id='word_1_434' title='bbox 730 2894 817 2928; x_wconf 85' lang='lat' dir='ltr'>ante</span> <span class='ocrx_word' id='word_1_435' title='bbox 847 2893 990 2930; x_wconf 74' lang='lat' dir='ltr'>nativit.</span> <span class='ocrx_word' id='word_1_436' title='bbox 1020 2891 1165 2931; x_wconf 85' lang='lat' dir='ltr'>Mariae.</span> 
     </span>
    </p>

    <p class='ocr_par' dir='ltr' id='par_1_28' title="bbox 746 2947 1729 3008">
     <span class='ocr_line' id='line_1_49' title="bbox 746 2947 1729 3008; baseline 0.005 -18"><span class='ocrx_word' id='word_1_437' title='bbox 746 2960 886 2992; x_wconf 74' lang='lat' dir='ltr'>Pontan.</span> <span class='ocrx_word' id='word_1_438' title='bbox 913 2963 993 2995; x_wconf 76' lang='lat' dir='ltr'>ner.</span> <span class='ocrx_word' id='word_1_439' title='bbox 1018 2963 1128 2995; x_wconf 74' lang='lat' dir='ltr'>Danu.</span> <span class='ocrx_word' id='word_1_440' title='bbox 1156 2962 1248 2995; x_wconf 72' lang='lat' dir='ltr'>nist.</span> <span class='ocrx_word' id='word_1_441' title='bbox 1274 2947 1370 2996; x_wconf 77' lang='lat' dir='ltr'>Lihr.</span> <span class='ocrx_word' id='word_1_442' title='bbox 1395 2964 1475 2996; x_wconf 73' lang='lat' dir='ltr'>vn.</span> <span class='ocrx_word' id='word_1_443' title='bbox 1503 2975 1534 3008; x_wconf 76' lang='lat' dir='ltr'>p.</span> <span class='ocrx_word' id='word_1_444' title='bbox 1559 2964 1729 2997; x_wconf 79' lang='lat'><strong>442—44.</strong></span> 
     </span>
    </p>
   </div>
   <div class='ocr_carea' id='block_1_16' title="bbox 140 3017 2564 3081">
    <p class='ocr_par' dir='ltr' id='par_1_29' title="bbox 140 3017 2564 3081">
     <span class='ocr_line' id='line_1_50' title="bbox 140 3017 2564 3081; baseline 0.006 -28"><span class='ocrx_word' id='word_1_445' title='bbox 140 3031 171 3061; x_wconf 84' lang='lat'><strong>5.</strong></span> <span class='ocrx_word' id='word_1_446' title='bbox 199 3030 344 3063; x_wconf 83' lang='lat' dir='ltr'>Octobr.</span> <span class='ocrx_word' id='word_1_447' title='bbox 635 3017 778 3069; x_wconf 60' lang='lat'>[2003]</span> <span class='ocrx_word' id='word_1_448' title='bbox 834 3021 1105 3062; x_wconf 70' lang='lat' dir='ltr'>WALm-:mm</span> <span class='ocrx_word' id='word_1_449' title='bbox 1137 3023 1337 3063; x_wconf 85' lang='lat' dir='ltr'>Danorum</span> <span class='ocrx_word' id='word_1_450' title='bbox 1364 3025 1649 3079; x_wconf 84' lang='lat' dir='ltr'>Slavorumque</span> <span class='ocrx_word' id='word_1_451' title='bbox 1670 3026 1791 3076; x_wconf 72' lang='lat' dir='ltr'>v&#39;regis</span> <span class='ocrx_word' id='word_1_452' title='bbox 1826 3028 1864 3063; x_wconf 86' lang='lat' dir='ltr'>et</span> <span class='ocrx_word' id='word_1_453' title='bbox 1900 3024 2014 3063; x_wconf 87' lang='lat' dir='ltr'>ducis</span> <span class='ocrx_word' id='word_1_454' title='bbox 2042 3023 2217 3066; x_wconf 81' lang='lat' dir='ltr'>Estoniae</span> <span class='ocrx_word' id='word_1_455' title='bbox 2254 3027 2446 3081; x_wconf 83' lang='lat' dir='ltr'>diploma,</span> <span class='ocrx_word' id='word_1_456' title='bbox 2487 3041 2564 3081; x_wconf 91' lang='lat' dir='ltr'>quo</span> 
     </span>
    </p>
   </div>
   <div class='ocr_carea' id='block_1_17' title="bbox 360 3081 2593 3359">
    <p class='ocr_par' dir='ltr' id='par_1_30' title="bbox 360 3081 2593 3359">
     <span class='ocr_line' id='line_1_51' title="bbox 360 3081 2593 3150; baseline 0.006 -28"><span class='ocrx_word' id='word_1_457' title='bbox 360 3098 405 3122; x_wconf 83' lang='lat' dir='ltr'>se</span> <span class='ocrx_word' id='word_1_458' title='bbox 436 3097 564 3123; x_wconf 84' lang='lat' dir='ltr'>verum</span> <span class='ocrx_word' id='word_1_459' title='bbox 594 3089 757 3125; x_wconf 85' lang='lat' dir='ltr'>tutorem</span> <span class='ocrx_word' id='word_1_460' title='bbox 787 3088 991 3130; x_wconf 89' lang='lat' dir='ltr'>liberorum</span> <span class='ocrx_word' id='word_1_461' title='bbox 1031 3092 1094 3131; x_wconf 73' lang='lat' dir='ltr'>diii</span> <span class='ocrx_word' id='word_1_462' title='bbox 1125 3093 1345 3140; x_wconf 84' lang='lat' dir='ltr'>Wartislai,</span> <span class='ocrx_word' id='word_1_463' title='bbox 1391 3096 1587 3147; x_wconf 87' lang='lat' dir='ltr'>quondam</span> <span class='ocrx_word' id='word_1_464' title='bbox 1619 3096 1733 3134; x_wconf 85' lang='lat' dir='ltr'>(lucis</span> <span class='ocrx_word' id='word_1_465' title='bbox 1764 3095 1972 3134; x_wconf 79' lang='lat' dir='ltr'>Slavorum</span> <span class='ocrx_word' id='word_1_466' title='bbox 2009 3099 2048 3133; x_wconf 88' lang='lat' dir='ltr'>et</span> <span class='ocrx_word' id='word_1_467' title='bbox 2078 3095 2304 3145; x_wconf 82' lang='lat' dir='ltr'>Cassubiae,</span> <span class='ocrx_word' id='word_1_468' title='bbox 2347 3081 2593 3150; x_wconf 69' lang='lat' dir='ltr'>Bugguzlai¹</span> 
     </span>
     <span class='ocr_line' id='line_1_52' title="bbox 365 3152 2563 3216; baseline 0.007 -26"><span class='ocrx_word' id='word_1_469' title='bbox 365 3157 402 3191; x_wconf 83' lang='lat' dir='ltr'>et</span> <span class='ocrx_word' id='word_1_470' title='bbox 430 3152 601 3192; x_wconf 87' lang='lat' dir='ltr'>Barnum</span> <span class='ocrx_word' id='word_1_471' title='bbox 631 3155 818 3204; x_wconf 82' lang='lat' dir='ltr'>declarat3</span> <span class='ocrx_word' id='word_1_472' title='bbox 863 3165 1047 3211; x_wconf 73' lang='lat' dir='ltr'>praeterea</span> <span class='ocrx_word' id='word_1_473' title='bbox 1086 3176 1131 3201; x_wconf 86' lang='lat' dir='ltr'>se</span> <span class='ocrx_word' id='word_1_474' title='bbox 1168 3177 1254 3202; x_wconf 91' lang='lat' dir='ltr'>cum</span> <span class='ocrx_word' id='word_1_475' title='bbox 1293 3179 1493 3204; x_wconf 88' lang='lat' dir='ltr'>consensu</span> <span class='ocrx_word' id='word_1_476' title='bbox 1528 3166 1837 3212; x_wconf 80' lang='lat' dir='ltr'>consiliariorum</span> <span class='ocrx_word' id='word_1_477' title='bbox 1873 3165 1980 3216; x_wconf 84' lang='lat' dir='ltr'>regni</span> <span class='ocrx_word' id='word_1_478' title='bbox 2011 3164 2147 3204; x_wconf 88' lang='lat' dir='ltr'>Daniae</span> <span class='ocrx_word' id='word_1_479' title='bbox 2185 3169 2441 3207; x_wconf 89' lang='lat' dir='ltr'>constituisse</span> <span class='ocrx_word' id='word_1_480' title='bbox 2471 3168 2563 3208; x_wconf 88' lang='lat' dir='ltr'>Ger-</span> 
     </span>
     <span class='ocr_line' id='line_1_53' title="bbox 366 3221 2562 3290; baseline 0.008 -31"><span class='ocrx_word' id='word_1_481' title='bbox 366 3221 547 3267; x_wconf 75' lang='lat' dir='ltr'>bardum,</span> <span class='ocrx_word' id='word_1_482' title='bbox 576 3223 708 3271; x_wconf 77' lang='lat' dir='ltr'>Jutiae,</span> <span class='ocrx_word' id='word_1_483' title='bbox 738 3226 924 3267; x_wconf 80' lang='lat' dir='ltr'>Holsatiae</span> <span class='ocrx_word' id='word_1_484' title='bbox 954 3234 992 3269; x_wconf 87' lang='lat' dir='ltr'>et</span> <span class='ocrx_word' id='word_1_485' title='bbox 1021 3232 1243 3272; x_wconf 83' lang='lat' dir='ltr'>Stormariae</span> <span class='ocrx_word' id='word_1_486' title='bbox 1273 3233 1426 3281; x_wconf 82' lang='lat' dir='ltr'>ducem,</span> <span class='ocrx_word' id='word_1_487' title='bbox 1457 3236 1704 3288; x_wconf 85' lang='lat' dir='ltr'>capitaneum</span> <span class='ocrx_word' id='word_1_488' title='bbox 1734 3235 1974 3287; x_wconf 87' lang='lat' dir='ltr'>principatus</span> <span class='ocrx_word' id='word_1_489' title='bbox 2003 3234 2285 3288; x_wconf 74' lang='lat' dir='ltr'>Ruyanorum3</span> <span class='ocrx_word' id='word_1_490' title='bbox 2315 3237 2450 3277; x_wconf 79' lang='lat' dir='ltr'>adhaec</span> <span class='ocrx_word' id='word_1_491' title='bbox 2476 3251 2562 3290; x_wconf 90' lang='lat' dir='ltr'>pro·</span> 
     </span>
     <span class='ocr_line' id='line_1_54' title="bbox 363 3291 2563 3359; baseline 0.008 -30"><span class='ocrx_word' id='word_1_492' title='bbox 363 3291 496 3337; x_wconf 87' lang='lat' dir='ltr'>mittit,</span> <span class='ocrx_word' id='word_1_493' title='bbox 538 3305 583 3330; x_wconf 84' lang='lat' dir='ltr'>se</span> <span class='ocrx_word' id='word_1_494' title='bbox 622 3294 840 3335; x_wconf 76' lang='lat' dir='ltr'>“civitatem</span> <span class='ocrx_word' id='word_1_495' title='bbox 871 3298 1266 3341; x_wconf 86' lang='lat' dir='ltr'>Stralessundensem</span> <span class='ocrx_word' id='word_1_496' title='bbox 1296 3307 1494 3356; x_wconf 21' lang='lat' dir='ltr'>acatotum</span> <span class='ocrx_word' id='word_1_497' title='bbox 1523 3305 1780 3357; x_wconf 80' lang='lat' dir='ltr'>principatum</span> <span class='ocrx_word' id='word_1_498' title='bbox 1818 3304 2095 3356; x_wconf 81' lang='lat' dir='ltr'>Ruyanorum,</span> <span class='ocrx_word' id='word_1_499' title='bbox 2140 3307 2327 3359; x_wconf 86' lang='lat' dir='ltr'>quamdiu</span> <span class='ocrx_word' id='word_1_500' title='bbox 2357 3306 2472 3347; x_wconf 90' lang='lat' dir='ltr'>nobis</span> <span class='ocrx_word' id='word_1_501' title='bbox 2498 3306 2563 3347; x_wconf 88' lang='lat' dir='ltr'>ad-</span> 
     </span>
    </p>
   </div>
  </div>
 </body>
</html>
