2649 3686
881 117 1036 166 Koxo
1071 117 1202 166 Ean<
1235 117 1471 166 Mnxvnn.
2175 128 2271 177 219

324 285 476 332 [1813.]
533 286 698 327 Hmmci
731 288 891 338 (Eruci)
921 289 1034 329 ducis
1061 291 1177 330 Jutiae
1207 291 1346 336 literae,
1391 289 1538 343 quibus
1575 292 1703 331 onmia
1739 292 1937 344 privilegia
1977 297 2014 332 et
2053 294 2270 343 libertates,
2343 300 2458 339 1315.

61 354 298 395 monasterio
328 353 484 407 Logum
515 369 709 397 concessa
738 360 822 398 sive
852 359 1022 406 indulta,
1053 361 1213 400 innovat
1242 364 1280 400 et
1309 361 1521 400 confirmat.
1551 383 1600 390 —
1630 359 1672 402 ln
1703 363 1873 401 crastino
1904 363 2082 403 undecim
2113 366 2272 406 millium
2295 368 2351 400 22.
2377 369 2512 403 Octobr.

61 425 252 477 virginum
281 423 493 464 beatarum.

452 495 642 537 Langebek
668 497 805 540 Scriptt.
834 500 928 532 Vin.
958 499 1032 531 179.

320 555 473 603 [1814.]
529 558 856 599 ΟΗηιετοιἨοιυ
890 561 1106 600 liaiiandiae
1135 565 1172 601 et
1201 562 1347 601 Samso
1378 561 1491 600 ducis
1521 561 1711 614 diploma,
1742 576 1821 615 quo
1850 577 1894 602 se
1925 564 2152 604 Wartzlavo
2183 566 2270 606 duci
2295 571 2350 604 25.
2382 572 2516 606 Octobr.

59 625 269 665 Slavorum
299 629 338 664 et
365 624 571 666 cassubiae
602 634 734 668 contra
765 644 901 669 omnes
931 631 1182 671 adversarios
1211 633 1324 685 ejus,
1361 636 1527 685 excepto
1554 631 1755 671 Danorum
1787 647 1878 684 rege
1906 633 2042 679 Erico,
2086 637 2271 676 auxilium

57 695 156 735 ferre
185 693 343 747 obligat,
373 699 424 742 et,
453 697 488 735 si
516 710 697 737 coronam
728 698 862 738 Daniae
892 700 1060 753 adeptus
1092 702 1218 747 suerit,
1249 715 1386 741 omnes
1416 706 1539 741 terras
1569 702 1757 754 principis
1787 703 2046 755 Ruyanorum
2070 706 2160 757 jure
2191 706 2268 746 seo-

60 765 137 806 dali
165 765 254 806 duci
281 765 342 805 vel
373 765 597 806 haeredibus
628 770 717 821 ejus
748 769 974 808 concedere.
1004 793 1056 798 —
1095 770 1305 824 Wnlqast,
1336 771 1399 809 die
1428 771 1600 824 Crispini
1630 776 1668 812 et
1698 773 1947 825 Crispiniani.

450 837 629 870 Schwartz
659 840 787 871 Pomm.
814 839 961 879 Rugian.
988 840 1168 873 Lchnliist.
1207 842 1290 874 uter
1315 841 1411 874 Theil
1446 852 1477 884 p.
1502 841 1582 874 290.
1642 841 1811 876 Vidensk.
1837 844 1953 877 selsk.
1978 844 2151 888 Skrifter‚
2192 846 2269 878 Vll.

456 898 648 932 176—177.
698 900 802 932 Sullm
830 901 918 933 nist.
945 901 984 932 as
1006 903 1151 934 Darimk.
1177 904 1239 935 xi.
1264 904 1438 936 922—23.

320 960 475 1009 [1815]
533 960 682 999 MAGN·
713 963 889 1014 episcopi
919 962 1224 1010 wexionensis,
1267 964 1491 1004 Um’uoms
1521 966 1694 1004 canonici
1725 964 1867 1005 ibidem
1898 971 1936 1006 et
1964 967 2119 1008 Boeru
2150 971 2271 1008 curati
2297 970 2351 1003 21·
2384 971 2505 1005 Novbr·

58 1030 234 1073 ecclesiae
265 1030 429 1083 Gardby
458 1031 729 1070 testimonium
760 1031 808 1070 de
837 1032 1084 1084 professione
1116 1034 1230 1072 Olavi
1259 1034 1545 1087 archiepiscopi
1573 1034 1832 1087 UpsalensiS‚
1870 1050 1957 1076 cum
1987 1037 2141 1078 Lundis
2171 1039 2270 1078 ordi-

20 1121 23 1124 ⁴
57 1104 174 1142 natus
205 1100 353 1148 suerat,
391 1100 523 1154 quoad
554 1100 667 1140 fidem
699 1103 735 1140 in
767 1103 1013 1149 universum,
1057 1108 1097 1142 et
1130 1105 1352 1157 specialiter
1388 1105 1521 1156 quoad
1561 1106 1770 1157 primatum
1806 1107 1981 1146 ecclesiae
2017 1107 2266 1156 Lundensis;

55 1174 241 1225 praeterea
269 1175 484 1219 testantur,
525 1172 735 1211 canonicos
764 1171 1016 1224 Upsalenses
1046 1173 1250 1212 Nicolaum
1280 1179 1318 1212 et
1349 1173 1539 1213 Thomam
1571 1175 1700 1226 quoad
1726 1176 1795 1227 jus
1821 1178 2012 1229 primatus
2043 1192 2270 1220 reservasse

55 1242 325 1281 auctoritatem
354 1247 394 1282 et
422 1242 709 1295 beneplacitum
741 1242 852 1281 sedis
882 1243 1121 1294 apostolicae.
1151 1266 1204 1272 —
1231 1244 1413 1292 Leandis,
1446 1245 1482 1282 in
1512 1245 1688 1296 profesto
1720 1246 1885 1286 Ceciliae.

447 1314 602 1344 Messen.
640 1312 763 1344 seond.
802 1311 977 1345 illustrata
1013 1315 1108 1346 Tom.
1146 1313 1225 1346 xll.
1261 1325 1293 1357 p.
1331 1314 1479 1346 79—80.
1538 1314 1629 1358 Epit.
1663 1326 1716 1358 ap.
1753 1318 1939 1350 Neumaun.
1976 1317 2065 1351 nist.
2101 1319 2268 1362 primatus

449 1375 623 1406 Lundens.
648 1385 680 1417 p.
710 1374 877 1406 176—77.

159 1483 163 1487 ἡ
313 1435 460 1486 [1816]
519 1435 635 1475 Eruci
674 1434 875 1474 Danorum
905 1437 1006 1487 regis
1036 1437 1299 1488 privilegium,
1328 1436 1689 1476 Rostockiensibus
1720 1438 1874 1485 datum,
1913 1439 1962 1479 de
1997 1440 2112 1492 plena
2144 1443 2264 1494 juris·
2290 1445 2346 1478 23.
2377 1446 2502 1479 Novhr.

56 1504 226 1545 dictione
255 1509 403 1559 “super
433 1505 576 1545 debitis
607 1509 645 1543 et
675 1506 781 1553 rixis,
815 1519 900 1558 quie
931 1505 1187 1546 Skeldeword
1217 1507 1413 1552 dicuntur,
1444 1508 1542 1546 inter
1571 1508 1684 1559 ipsos
1714 1509 1971 1560 personaliter
2000 1510 2266 1552 vertentibus'²

55 1577 93 1616 in
123 1576 310 1617 nundinis
340 1575 632 1616 skanensibus.
663 1597 712 1605 —
749 1574 975 1624 Trunci-er,
1007 1576 1070 1616 die
1102 1576 1315 1616 Clementis
1343 1590 1470 1629 papae.

448 1646 616 1678 Rostock.
641 1645 822 1678 wiiehentl.
847 1646 1069 1679 Nachricliten
1100 1646 1197 1678 1753.
1224 1658 1255 1690 p.
1279 1645 1429 1678 93—94.
1484 1647 1668 1688 Ungnaden
1690 1647 1859 1680 Amoenit.
1884 1648 2033 1691 Diplom.
2059 1661 2091 1693 p.
2121 1650 2265 1683 16—17.

314 1708 462 1760 [1817.]
521 1707 641 1759 Kong
669 1707 803 1747 Enrxs
834 1708 1108 1747 Stadsaestelse
1137 1708 1182 1748 af
1206 1707 1470 1747 Lelinsretten
1503 1708 1560 1746 sor
1589 1708 1796 1747 Esthland.
2078 1711 2264 1763 (Tydsk).

450 1778 654 1811 Gadebusch
679 1778 780 1811 Lien.
806 1778 1021 1811 salu-bucher
1046 1778 1071 1809 Ι.
1098 1789 1128 1822 p.
1154 1777 1233 1809 389.
1259 1781 1327 1811 not.
1351 1788 1387 1821 y.
1436 1777 1511 1810 Cfr.
1537 1780 1653 1820 Bunge
1677 1781 1850 1822 Beytriige
1873 1790 1934 1813 zur
1956 1780 2075 1814 Kuude
2099 1781 2158 1814 der
2184 1782 2264 1815 Liss.

446 1840 712 1886 Rechtsquellen
736 1851 767 1883 p.
797 1839 939 1873 11—1-1.
968 1839 1076 1882 (Riga
1104 1839 1234 1882 1832).

1086 1957 1232 2008 1316
2335 1977 2453 2018 1316

311 2059 459 2112 [1818]
515 2058 643 2099 Erum
675 2058 780 2108 regis
809 2056 1074 2095 testimonium
1105 2042 1153 2093 de
1183 2053 1298 2094 bonis
1328 2056 1364 2094 in
1390 2055 1745 2108 AEskymosaehoit,
1775 2069 1796 2095 a
1825 2055 1993 2097 Martino
2022 2056 2150 2097 Duuae
2180 2060 2509 2105 mo-18.Aprilis.

51 2133 221 2174 nasterio
248 2131 484 2172 Esromensi
515 2129 683 2168 donatis.
713 2150 767 2157 —-
804 2125 1124 2177 Wardinburqli,
1154 2125 1345 2164 dominica
1376 2124 1503 2174 Quasi
1532 2125 1649 2164 modo
1680 2126 1813 2178 geniti.

446 2200 633 2241 Langehek
658 2196 795 2240 Scriptt.
821 2197 883 2229 IX.
977 2219 986 2228 .
1035 2195 1483 2229 cod.Esr0m.fol.CV1.

292 2254 462 2315 n[1819]
521 2261 647 2300 Εκιοι
680 2260 877 2299 Danorum
909 2257 1197 2308 Slavorumque
1227 2257 1332 2308 regis
1362 2256 1501 2301 literae,
1545 2255 1691 2308 quibus
1722 2255 2029 2298 Lubecensibus
2059 2257 2260 2299 libertates
2301 2260 2353 2294 10.
2378 2261 2485 2295 Junii.

56 2335 94 2375 in
136 2333 322 2373 nundinis
360 2330 676 2374 Scaniirensibus
719 2328 918 2372 concedit,
962 2327 1100 2380 partim
1136 2325 1240 2380 apud
1278 2324 1564 2364 Falsterbothae
1599 2325 1752 2378 plenam
1790 2327 2105 2379 jurisdictionem
2141 2341 2262 2381 super

51 2403 195 2445 debitis
218 2408 257 2444 et
282 2403 392 2450 rixis,
423 2415 509 2455 quae
534 2399 759 2441 skeldword
784 2399 975 2441 dicuntur,
1007 2395 1188 2441 habendi,
1218 2396 1359 2447 partim
1389 2409 1541 2434 merces
1570 2409 1668 2434 suas
1699 2409 1934 2449 quocunque
1964 2397 2026 2436 die
2048 2397 2097 2437 ad
2119 2403 2261 2438 terram

51 2474 276 2528 appulerint
305 2471 555 2514 exonerandi.
587 2492 636 2498 —
677 2470 926 2515 lVimnarice,
959 2466 1051 2504 feria
1083 2466 1218 2519 quinta
1247 2478 1356 2517 prox.
1385 2469 1479 2517 post
1509 2464 1651 2504 domin.
1681 2466 1877 2506 trinitatis.

446 2540 622 2574 sartorius
649 2540 775 2573 Gesch.
801 2539 861 2571 der
885 2539 1001 2569 Hanse
1025 2536 1075 2568 ed.
1100 2534 1336 2577 Lappenberg.
1362 2535 1405 2566 11.
1430 2544 1485 2566 no.
1510 2534 1692 2567 CXXVI&⁸
1718 2545 1750 2578 p.
1775 2535 1946 2568 293—9-1.

313 2603 460 2655 [1820]
517 2602 644 2642 Eruci
676 2601 878 2640 Danorum
910 2598 1014 2648 regis
1045 2601 1082 2634 et
1110 2596 1312 2635 flammei
1344 2595 1714 2635 Mmmopomxms
1744 2597 2033 2636 confoederatio
2056 2597 2254 2637 cumHer-
2276 2605 2516 2642 Julio-Decbr.

48 2687 192 2715 manno
235 2674 428 2728 episcopo
472 2672 712 2714 Swerinensi
749 2670 942 2710 adversus
980 2665 1273 2705 Woldemarum
1309 2665 1572 2705 marchionem
1601 2664 2032 2718 Brandenburgensem.
2067 2690 2121 2696 —
2164 2668 2259 2707 Sine

49 2758 151 2785 anno
180 2749 220 2786 et
249 2744 324 2784 die·
443 2812 616 2846 Scin-odel·
647 2811 777 2854 PapiSt·
811 2807 981 2841 Meklenb‚
1008 2808 1101 2838 Tom.
1132 2806 1175 2838 11.
1209 2815 1240 2848 p.
1273 2803 1467 2836 3012—13.
1527 2803 1633 2840 Liseh
1657 2805 2013 2839 Urkunden-samml.
2045 2817 2107 2839 zur
2133 2808 2257 2842 Gcsch.

445 2875 506 2908 des
533 2873 674 2906 Geschl.
699 2884 729 2905 v.
755 2870 931 2904 Maltzahn
957 2870 982 2902 I.
1008 2879 1038 2911 p.
1064 2866 1234 2898 245—47.

315 2936 460 2989 [1821]
519 2935 711 2985 (Enrcns)
742 2947 808 2972 rex
840 2931 976 2970 Daniae
1006 2929 1159 2967 dimittit
1186 2926 1389 2965 domicello
1419 2925 1669 2974 Hennekino,
1699 2927 1829 2967 comiti
1858 2927 2049 2968 Holzatiae
2079 2933 2118 2968 et
2147 2929 2255 2968 Stor·
2280 2940 2313 2973 4.
2334 2941 2493 2984 Augusti.

50 3011 204 3057 mariae,
246 3007 439 3048 offensam
475 3020 547 3060 pro
585 3004 853 3044 interfectione
892 3000 1034 3038 domini
1065 2996 1210 3035 Adolffi
1241 2996 1412 3043 (comitis
1441 2995 1634 3036 Holsaciae
1663 3000 1701 3038 et
1730 2997 2032 3051 Sekogenborg)
2063 2999 2111 3038 de
2141 2999 2255 3052 Kyffi

51 3104 104 3111 —
132 3078 401 3135 Nyelsc'ipiny,
432 3076 604 3115 crastino
635 3071 871 3113 inventionis
901 3069 1005 3108 beati
1036 3065 1226 3119 Stephani
1256 3064 1597 3119 prothomartyris.

441 3146 553 3179 Noodt
576 3144 693 3178 Beitrii
720 3153 738 3175 e
762 3142 788 3174 1.
872 3138 926 3172 49

311 3207 457 3260 [1822]
513 3206 629 3246 Emer
664 3152 867 3243 Dganortim
903 3200 1008 3251 regis
1044 3197 1262 3248 assignatio
1305 3195 1356 3236 ad
1398 3196 1585 3237 consules
1626 3196 1906 3245 Lubecenses,
1950 3202 1993 3238 ut
2034 3203 2255 3240 trescentas
2280 3209 2311 3241 4.
2333 3207 2490 3252 Augusti.

50 3281 301 3334 septuaginta
329 3280 502 3333 quinque
532 3289 684 3317 marcas
715 3272 958 3313 denariorum
990 3267 1299 3312 Lubecensium,
1343 3281 1391 3306 ex
1427 3281 1472 3307 ea
1507 3268 1693 3321 pecunia,
1724 3281 1840 3322 quam
1869 3269 1951 3320 regi
1990 3268 2091 3310 sesto
2121 3271 2255 3310 nativi-

1911 3342 1984 3382 ⁶28*
