2649 3686
152 371 269 410 1052.

339 200 404 250 26
1094 198 1249 246 lioxo
1284 193 1459 244 Svssxn
1494 191 1790 238 Ekrssumssx.

346 372 508 412 fratrum
547 387 593 413 se
630 372 856 412 reddidisse
893 374 1098 410 testantur.
1169 367 1315 406 Praeter
1342 363 1583 403 Edwardum
1612 376 1745 415 regem
1775 367 1815 402 et
1842 364 2016 415 reginam
2045 363 2173 415 Edgio
2211 363 2554 418 subscripserunt:

99 440 143 474 ¹-'
156 439 328 482 Augusti?
354 441 564 482 Leosricus
594 442 692 490 dux,
724 442 944 481 Godwinus
974 440 1072 485 dux,
1103 437 1277 476 Osncon
1306 435 1509 480 minister,
1539 433 1648 472 Azor
1675 434 1869 472 minister.
1900 456 1949 461 —
1981 432 2078 472 Sine
2108 447 2222 472 anno.

155 640 272 694 ¹053·

154 1369 268 1407 1054.

118 1858 149 1889 5.
178 1856 284 1889 Junii.

163 2943 273 2980 1055.

118 3028 172 3057 29.
200 3026 311 3058 Octbr.

736 510 892 552 Hemingi
918 508 1098 542 chartular.
1123 508 1166 539 ΙΙ.
1191 506 1270 537 335.
1321 503 1395 536 Cfr.
1421 503 1530 536 Suhm
1554 502 1647 535 Hist.
1673 503 1714 535 af
1732 503 1879 536 Danmk.
1905 504 1967 536 lv.
1994 503 2073 537 227.

1363 619 1511 669 1053.

605 724 732 772 [125]
788 720 973 760 Edwardi
1004 720 1109 771 regis
1138 718 1188 757 ad
1218 718 1407 758 Ulswium
1435 717 1683 770 episcopum,
1713 715 1894 755 Tostium
1924 718 2123 764 comitem,
2152 716 2419 757 Normannum
2450 714 2553 758 vice-

342 798 525 836 comitem
555 800 595 834 et
624 806 760 832 omnes
789 791 924 830 fideles
954 803 1051 828 suos
1081 802 1127 827 ac
1156 789 1384 834 ministros,
1415 787 1585 825 clericos
1614 790 1654 825 et
1681 786 1809 825 laicos
1839 786 1888 826 de
1918 786 2118 840 Hampton
2150 788 2292 835 literae,
2337 793 2551 828 commuta-

342 870 487 906 tionem
526 870 713 904 terrarum
745 859 1002 913 quarundam,
1047 858 1095 897 ab
1134 856 1308 897 Alfwino
1346 857 1479 896 abbati
1516 857 1775 896 Ramesiensi
1805 871 1894 896 cum
1932 857 2119 896 Leosrieo
2157 857 2356 909 Burgensi
2392 858 2550 905 saetam,

341 937 627 976 confirmantes.
684 932 787 971 Inter
816 934 939 968 terras
970 942 1054 981 quae
1083 942 1154 981 per
1182 928 1284 967 hanc
1313 928 1661 967 commutationem
1691 941 1714 966 a
1743 927 1940 978 Burgensi
1970 927 2021 966 ad
2048 927 2358 967 Ramesiensem
2388 931 2554 968 transie-

343 1011 431 1046 runt
460 1007 729 1045 numerantur:
761 1000 852 1039 hida
881 999 1092 1050 Huntingi,
1137 998 1221 1037 duae
1252 1000 1410 1051 virgata]
1442 997 1630 1037 Gonmcr
1662 997 1779 1037 Danu
1811 1001 1851 1036 et
1878 998 2030 1049 virgata
2057 996 2219 1036 Brandi.
2278 997 2424 1038 Testes
2455 1000 2555 1038 inter

342 1077 443 1116 alios
473 1075 736 1114 nominantur.
774 1068 974 1108 Haroldus
1004 1082 1161 1115 comes,
1199 1072 1239 1107 et
1265 1068 1448 1121 Esgarus
1478 1068 1651 1107 stallere.
1690 1089 1739 1095 —
1777 1067 1900 1120 Apud
1927 1067 2346 1107 *Westmonasterium
2376 1070 2415 1108 in
2446 1069 2550 1109 festo

341 1146 477 1185 Sancti
508 1143 613 1183 Petri
644 1142 746 1190 (sine
776 1141 905 1189 anno).
1688 1137 1910 1191 (Interpret.
1938 1137 2083 1177 Latina
2113 1152 2161 1177 ex
2190 1138 2308 1190 Angl.
2339 1144 2552 1191 sermone).

729 1209 882 1242 Historia
906 1209 1143 1242 Ramcsiensis
1169 1209 1256 1252 apud
1282 1207 1386 1252 Gale,
1421 1207 1512 1240 Hist.
1538 1207 1692 1241 Britanu.
1717 1207 1909 1251 scriptores
1942 1194 1969 1240 1.
1995 1207 2167 1240 456—57.
2225 1208 2301 1241 Cfr.
2327 1192 2434 1243 subm
2461 1211 2551 1243 Hist.

729 1272 768 1303 af
789 1271 933 1303 Danmk.
959 1272 1021 1304 IV.
1047 1272 1126 1304 227.

1374 1354 1521 1404 1054.

597 1454 726 1503 [126]
783 1453 990 1492 Adelberti
1019 1452 1339 1505 Hamburgensis
1369 1451 1662 1505 archiepiscopi
1690 1451 1811 1490 literae
1843 1450 1893 1489 ad
1922 1450 2160 1491 Svaxoxmr
2183 1452 2384 1491 Danomm
2407 1467 2553 1505 regem,

338 1527 398 1565 cui
430 1525 608 1565 ecclesiae
637 1524 767 1576 gladio
798 1528 838 1563 et
867 1523 982 1562 cruce
1012 1522 1160 1562 Christi
1183 1523 1366 1569 minatur,
1397 1523 1475 1561 uisi
1499 1521 1949 1575 sceleratunrdelictu111
1972 1521 2175 1575 reliquerit
2199 1522 2377 1571 (uxorem
2396 1522 2551 1563 Gudam

337 1596 559 1645 dimiserit).
592 1616 639 1623 -
673 1595 768 1634 Sine
798 1608 913 1633 anno.

724 1666 866 1705 Fragm.
891 1664 927 1696 in
951 1662 1105 1698 XVolteri
1131 1662 1279 1695 chronic.
1304 1664 1481 1694 Bremens.
1508 1672 1559 1704 ap.
1585 1661 1745 1705 Meibom,
1772 1664 1899 1695 Rerum
1923 1661 2200 1695 Germanicarum
2223 1661 2410 1705 scriptores
2430 1664 2473 1697 11.
2495 1664 2552 1696 39.

726 1726 861 1760 Danica
892 1723 1127 1768 interpretatio
1161 1734 1215 1766 ap.
1242 1724 1368 1766 subm,
1394 1723 1548 1756 Historie
1582 1724 1621 1756 af
1641 1725 1815 1757 Danmark
1843 1727 1905 1758 lv.
1939 1725 2111 1757 237—38.
2160 1724 2235 1757 Cfr.
2263 1724 2429 1758 Grammii
2453 1731 2553 1759 notas

729 1787 772 1819 ad
796 1786 986 1819 Meursium
1013 1785 1220 1828 (Florentiae
1249 1786 1356 1829 1746)
1383 1786 1447 1818 col.
1473 1786 1553 1818 ⁶206.
1579 1789 1648 1818 not.
1674 1796 1704 1818 e.

600 1849 729 1899 [1⁵27]
789 1849 947 1897 Charta,
979 1862 1056 1901 qua
1084 1848 1339 1895 Malcolmus,
1369 1851 1464 1886 “rex
1494 1848 1705 1887 Scotorum
1736 1852 1776 1887 et
1802 1847 2018 1886 insularum
2045 1847 2338 1900 adjaoentium”
2368 1848 2565 1897 omnibus

341 1925 446 1959 “tam
476 1920 613 1961 DAxis
645 1924 684 1959 et
712 1920 856 1972 Anglis
887 1933 1002 1972 quam
1035 1919 1172 1957 Seotis
1202 1910 1336 1957 notum
1364 1918 1479 1965 saeit,
1512 1932 1556 1957 se
1587 1923 1627 1957 et
1655 1919 1775 1957 filium
1806 1932 1923 1957 suum
1944 1917 2186 1956 Edwardum
2215 1932 2377 1970 regnum
2407 1918 2552 1958 Scotiae

339 1995 378 2029 et
410 1991 561 2030 insulas
591 1990 821 2043 adjacentes
851 1989 900 2029 de
929 1988 1129 2028 Edu-ardo
1159 1988 1313 2040 Angliae
1342 2002 1434 2040 rege
1465 1993 1561 2041 “per
1586 1988 1836 2040 homagium,
1879 1989 2016 2041 ligium
2054 1992 2094 2028 ct
2122 1988 2378 2028 fidelitatem'’
2407 1994 2551 2030 tenere.

339 2061 458 2113 Apud
488 2060 725 2101 Eboracum
755 2063 792 2100 in
813 2053 1079 2114 ¹parliamento
1108 2058 1295 2098 Edwardi
1325 2060 1431 2110 regis
1459 2059 1634 2110 Augure,
1665 2060 1802 2111 quinto
1833 2059 1897 2098 die
1926 2059 2055 2105 Junii,
2085 2072 2186 2098 auno
2216 2060 2325 2110 regui
2354 2073 2470 2099 nono.

729 2132 899 2173 Palgrave
924 2130 1008 2162 Rise
1032 2129 1095 2161 and
1122 2139 1284 2172 progress
1310 2130 1349 2161 of
1370 2129 1426 2161 the
1453 2129 1587 2170 englisb
1614 2129 1892 2162 eommonwealth
1918 2130 1945 2162 1.
1970 2129 2143 2162 617—18.
2205 2129 2280 2163 Cfr.
2317 2129 2423 2162 suhm
2460 2129 2551 2162 His-t.

732 2194 772 2225 as
791 2193 938 2225 Danmk.
964 2193 1027 2225 lv.
1054 2191 1134 2223 240.
1164 2204 1167 2210 ·
2406 2231 2409 2233 ‚

599 2254 729 2303 [128]
790 2254 952 2300 Charta,
998 2266 1074 2306 qua
1107 2251 1277 2291 Alredus
1308 2252 1525 2304 episcopus
1554 2251 1838 2303 NVigornensis
1868 2256 2014 2292 terras:
2060 2251 2323 2292 Theotinctun
2362 2257 2402 2292 et
2429 2253 2552 2292 Alfsi-

339 2329 503 2376 gesturi,
534 2329 573 2364 et
601 2330 749 2364 curtem
780 2338 898 2363 unam
927 2325 966 2362 in
995 2325 1156 2362 civitate
1186 2321 1376 2372 W'igorna
1406 2322 1456 2360 ad
1485 2337 1601 2362 usum
1632 2323 1798 2372 fratrum*
1817 2322 2140 2374 VVigornensium
2172 2321 2342 2361 dedicat.
2397 2323 2553 2362 Dicitur

343 2393 468 2433 “hanc
498 2399 637 2434 terram
669 2395 718 2443 (oz
748 2398 897 2433 curtem
925 2393 1249 2444 XVigornensem)
1280 2391 1408 2438 Τυκι,
1450 2397 1676 2445 praepotens
1716 2397 1756 2432 et
1785 2392 1898 2431 (lives
1927 2394 2107 2432 minister
2145 2394 2252 2444 regis
2279 2393 2370 2445 jure
2400 2392 2553 2433 heredi·

339 2465 446 2502 tariae
485 2466 760 2504 successionis
798 2464 958 2503 liberam
996 2462 1045 2502 ab
1084 2463 1189 2501 omni
1229 2464 1391 2501 servitio
1428 2462 1598 2502 humano
1629 2467 1768 2516 praeter
1796 2462 1952 2514 regale”
2000 2485 2048 2490 —
2093 2464 2268 2502 moriens
2313 2466 2552 2502 testamento

341 2533 534 2583 donasse;
577 2536 680 2574 filius
710 2550 804 2574 vero
836 2535 925 2587 ejus
953 2534 1062 2579 Ακῐ,
1106 2536 1276 2585 “potens
1314 2537 1353 2571 et
1383 2534 1471 2585 ipse
1507 2533 1689 2571 minister
1725 2533 1876 2584 regis'’‚
1920 2537 2201 2572 testamentum
2239 2534 2365 2586 patris
2401 2534 2551 2573 irritum

343 2603 470 2643 facere
499 2605 697 2652 voluisse,
729 2605 854 2644 donec
882 2602 1082 2643 Edwardo
1112 2616 1224 2654 rege,
1253 2602 1437 2642 Leofrieo
1467 2604 1613 2642 comite
1643 2607 1683 2642 et
1710 2602 1888 2655 pluribus
1919 2603 2176 2655 optimatibus
2204 2602 2550 2656 persvadentibus,

340 2672 431 2711 Vlll
461 2677 603 2713 mareis
634 2677 715 2714 auri
745 2675 949 2728 purissimi
980 2677 1212 2720 contentus,
1248 2674 1492 2726 postulatum
1532 2674 1697 2712 remisit.
1762 2672 1909 2712 Praeter
1946 2687 2082 2725 regem
2120 2677 2160 2712 et
2187 2672 2340 2725 Eadgi3
2377 2674 2550 2725 reginam

346 2742 682 2796 subscripserunt:
711 2745 923 2784 Leofricus
953 2743 1053 2790 dux,
1084 2742 1201 2782 odda
1231 2743 1483 2801 dux,⁸Atsor
1511 2748 1714 2793 minister,
1745 2743 1887 2795 Osgod
1917 2743 2020 2796 apud
2049 2742 2229 2782 Heailea.
2247 2765 2296 2770 —
2315 2743 2410 2783 Sine
2435 2757 2550 2782 anuo.

732 2814 890 2856 Hemingi
919 2813 1101 2846 chartular.
1127 2813 1362 2855 VVIgornense
1387 2815 1431 2848 11.
1466 2815 1639 2849 396—98.
1700 2817 1774 2849 Cfr.
1801 2814 1905 2846 subm
1932 2813 2022 2846 Hist.
2048 2814 2088 2845 af
2107 2814 2254 2846 Danmk.
2279 2814 2341 2846 IV.
2367 2812 2446 2845 242.
2471 2813 2550 2846 302.

1365 2930 1509 2980 1055.

605 3026 730 3074 [129]
786 3027 990 3067 Vicroms
1015 3024 1118 3077 (ndi)
1143 3041 1255 3080 papae
1277 3026 1397 3075 hulla,
1427 3042 1503 3081 qua
1525 3027 1742 3066 Adalberto
1767 3030 1807 3065 et
1829 3027 2134 3066 successoribus
2157 3028 2248 3080 ejus
2264 3028 2302 3065 iu
2317 3005 2549 3080 perpetuum

349 3095 625 3146 suprematiam
668 3095 734 3133 dat
770 3098 807 3134 in
845 3098 1088 3150 “episcopos
1127 3098 1165 3135 in
1204 3097 1388 3137 onmibus
1427 3097 1611 3149 gentibus
1641 3096 1843 3135 Sueonum
1879 3110 1953 3135 seu
1989 3097 2210 3143 Danorum,
2244 3095 2550 3149 7Norwegorum,

349 3162 501 3209 island,
541 3163 833 3211 scrideuinum,
877 3166 1152 3213 Gronlandon,
1196 3171 1236 3205 et
1263 3169 1533 3206 universarum
1564 3166 1929 3218 septentrionalium
1958 3169 2181 3213 nationum,
2224 3180 2297 3205 nec
2323 3179 2399 3204 non
2429 3168 2548 3206 etiam

350 3236 386 3272 in
431 3233 510 3271 illis
551 3234 728 3285 partibus
771 3235 997 3282 Slauorum,
1044 3250 1128 3290 quae
1168 3241 1261 3275 suut
1297 3251 1320 3276 a
1356 3237 1514 3276 flumine
1551 3235 1660 3275 Pene
1696 3249 1824 3287 usque
1861 3236 1911 3274 ad
1938 3236 2094 3275 fluvium
2131 3235 2350 3288 Egidore'',
2393 3237 2499 3276 sicut
2526 3250 2548 3275 a

349 3301 708 3354 praedecessoribus
736 3305 932 3355 pontilicis
961 3306 1175 3354 “Nicolao‚
1205 3307 1400 3360 Agapito,
1429 3305 1670 3352 Benedicto,
1700 3304 1862 3345 Leone”
1899 3305 2099 3346 decretum
2123 3305 2268 3345 suerat.
2300 3327 2347 3334 —-
2379 3305 2447 3345 IV.
2473 3306 2545 3346 cal.

350 3370 610 3417 Novembris,
639 3372 775 3423 pontis.
807 3386 904 3412 anno
939 3375 971 3413 l.
1003 3375 1136 3415 indict.
1165 3375 1272 3415 Vlll.
