<?xml version="1.0" encoding="UTF-8"?>
<!DOCTYPE html PUBLIC "-//W3C//DTD XHTML 1.0 Transitional//EN"
    "http://www.w3.org/TR/xhtml1/DTD/xhtml1-transitional.dtd">
<html xmlns="http://www.w3.org/1999/xhtml" xml:lang="en" lang="en">
 <head>
  <title>
</title>
<meta http-equiv="Content-Type" content="text/html;charset=utf-8" />
  <meta name='ocr-system' content='tesseract 3.04.00' />
  <meta name='ocr-capabilities' content='ocr_page ocr_carea ocr_par ocr_line ocrx_word'/>
</head>
<body>
  <div class='ocr_page' id='page_1' title='image "./regestadiplomati01dansuoft_0187.png"; bbox 0 0 2649 3686; ppageno 0'>
   <div class='ocr_carea' id='block_1_1' title="bbox 873 130 2276 191">
    <p class='ocr_par' dir='ltr' id='par_1_1' title="bbox 873 130 2276 191">
     <span class='ocr_line' id='line_1_1' title="bbox 873 130 2276 191; baseline 0.009 -13"><span class='ocrx_word' id='word_1_1' title='bbox 873 130 1030 181; x_wconf 66' lang='lat' dir='ltr'><strong>Koxo</strong></span> <span class='ocrx_word' id='word_1_2' title='bbox 1066 131 1196 181; x_wconf 71' lang='lat' dir='ltr'><strong>Ean(</strong></span> <span class='ocrx_word' id='word_1_3' title='bbox 1230 132 1466 182; x_wconf 72' lang='lat' dir='ltr'><strong>MEann.</strong></span> <span class='ocrx_word' id='word_1_4' title='bbox 2181 141 2276 191; x_wconf 85' lang='grc'><strong>177</strong></span> 
     </span>
    </p>
   </div>
   <div class='ocr_carea' id='block_1_2' title="bbox 62 213 2276 236">
    <p class='ocr_par' dir='ltr' id='par_1_2' title="bbox 62 213 2276 236">
     <span class='ocr_line' id='line_1_2' title="bbox 62 213 2276 236; baseline 0 3450"><span class='ocrx_word' id='word_1_5' title='bbox 62 213 2276 236; x_wconf 95' lang='lat' dir='ltr'><strong> </strong></span> 
     </span>
    </p>
   </div>
   <div class='ocr_carea' id='block_1_3' title="bbox 53 296 2529 1452">
    <p class='ocr_par' dir='ltr' id='par_1_3' title="bbox 56 296 2528 499">
     <span class='ocr_line' id='line_1_3' title="bbox 324 296 2461 361; baseline 0.008 -26"><span class='ocrx_word' id='word_1_6' title='bbox 324 296 476 348; x_wconf 86' lang='grc'><strong>[1439.]</strong></span> <span class='ocrx_word' id='word_1_7' title='bbox 533 297 660 339; x_wconf 75' lang='lat' dir='ltr'><strong>Eruci</strong></span> <span class='ocrx_word' id='word_1_8' title='bbox 692 303 798 354; x_wconf 88' lang='lat' dir='ltr'><strong>regis</strong></span> <span class='ocrx_word' id='word_1_9' title='bbox 828 303 968 351; x_wconf 81' lang='lat' dir='ltr'><strong>literae,</strong></span> <span class='ocrx_word' id='word_1_10' title='bbox 1008 304 1154 358; x_wconf 87' lang='lat' dir='ltr'><strong>quibus</strong></span> <span class='ocrx_word' id='word_1_11' title='bbox 1183 305 1386 359; x_wconf 89' lang='lat' dir='ltr'><strong>prohibet,</strong></span> <span class='ocrx_word' id='word_1_12' title='bbox 1418 319 1465 345; x_wconf 91' lang='lat' dir='ltr'><strong>ne</strong></span> <span class='ocrx_word' id='word_1_13' title='bbox 1495 306 1604 358; x_wconf 78' lang='lat' dir='ltr'><strong>quiS,</strong></span> <span class='ocrx_word' id='word_1_14' title='bbox 1634 307 1907 361; x_wconf 80' lang='lat' dir='ltr'><strong>cujuscunque</strong></span> <span class='ocrx_word' id='word_1_15' title='bbox 1935 309 1988 348; x_wconf 88' lang='lat' dir='ltr'><strong>sit</strong></span> <span class='ocrx_word' id='word_1_16' title='bbox 2018 311 2273 359; x_wconf 86' lang='lat' dir='ltr'><strong>conditionis,</strong></span> <span class='ocrx_word' id='word_1_17' title='bbox 2347 313 2461 354; x_wconf 83' lang='lat'><strong>1291.</strong></span> 
     </span>
     <span class='ocr_line' id='line_1_4' title="bbox 56 367 2528 432; baseline 0.007 -24"><span class='ocrx_word' id='word_1_18' title='bbox 56 370 197 422; x_wconf 78' lang='lat' dir='ltr'><strong>contra</strong></span> <span class='ocrx_word' id='word_1_19' title='bbox 224 367 428 420; x_wconf 85' lang='lat' dir='ltr'><strong>privilegia</strong></span> <span class='ocrx_word' id='word_1_20' title='bbox 458 372 497 408; x_wconf 90' lang='lat' dir='ltr'><strong>et</strong></span> <span class='ocrx_word' id='word_1_21' title='bbox 526 368 747 417; x_wconf 79' lang='lat' dir='ltr'>libertates,</span> <span class='ocrx_word' id='word_1_22' title='bbox 790 375 989 413; x_wconf 82' lang='lat' dir='ltr'><strong>canonicis</strong></span> <span class='ocrx_word' id='word_1_23' title='bbox 1019 376 1308 416; x_wconf 65' lang='lat' dir='ltr'><strong>Arusiensib&#39;us</strong></span> <span class='ocrx_word' id='word_1_24' title='bbox 1346 390 1584 422; x_wconf 81' lang='lat' dir='ltr'><strong>concessaS,</strong></span> <span class='ocrx_word' id='word_1_25' title='bbox 1628 376 1755 418; x_wconf 83' lang='lat' dir='ltr'><strong>facere</strong></span> <span class='ocrx_word' id='word_1_26' title='bbox 1795 377 1939 432; x_wconf 86' lang='lat' dir='ltr'><strong>aliquid</strong></span> <span class='ocrx_word' id='word_1_27' title='bbox 1969 385 2191 432; x_wconf 77' lang='lat' dir='ltr'><strong>praesumat.</strong></span> <span class='ocrx_word' id='word_1_28' title='bbox 2224 403 2270 409; x_wconf 87' lang='lat'>—</span> <span class='ocrx_word' id='word_1_29' title='bbox 2302 380 2352 413; x_wconf 79' lang='lat'><strong>¹9·</strong></span> <span class='ocrx_word' id='word_1_30' title='bbox 2374 384 2528 424; x_wconf 78' lang='lat' dir='ltr'><strong>Augusti.</strong></span> 
     </span>
     <span class='ocr_line' id='line_1_5' title="bbox 61 436 1349 499; baseline 0.006 -21"><span class='ocrx_word' id='word_1_31' title='bbox 61 437 203 492; x_wconf 72' lang='lat' dir='ltr'><strong>Ripz&#39;s,</strong></span> <span class='ocrx_word' id='word_1_32' title='bbox 232 436 424 477; x_wconf 89' lang='lat' dir='ltr'><strong>dominica</strong></span> <span class='ocrx_word' id='word_1_33' title='bbox 454 437 550 477; x_wconf 78' lang='lat' dir='ltr'><strong>infra</strong></span> <span class='ocrx_word' id='word_1_34' title='bbox 582 443 758 479; x_wconf 82' lang='lat' dir='ltr'><strong>octavam</strong></span> <span class='ocrx_word' id='word_1_35' title='bbox 789 446 1075 496; x_wconf 80' lang='lat' dir='ltr'>assumptionis</span> <span class='ocrx_word' id='word_1_36' title='bbox 1106 445 1142 485; x_wconf 90' lang='lat' dir='ltr'><strong>b.</strong></span> <span class='ocrx_word' id='word_1_37' title='bbox 1173 447 1349 499; x_wconf 80' lang='lat' dir='ltr'><strong>virginis.</strong></span> 
     </span>
    </p>

    <p class='ocr_par' dir='ltr' id='par_1_4' title="bbox 454 509 1004 554">
     <span class='ocr_line' id='line_1_6' title="bbox 454 509 1004 554; baseline 0.013 -14"><span class='ocrx_word' id='word_1_38' title='bbox 454 509 647 550; x_wconf 77' lang='lat' dir='ltr'><strong>Langebek</strong></span> <span class='ocrx_word' id='word_1_39' title='bbox 672 510 811 554; x_wconf 86' lang='lat' dir='ltr'><strong>Scriptt.</strong></span> <span class='ocrx_word' id='word_1_40' title='bbox 837 513 899 545; x_wconf 84' lang='lat' dir='ltr'><strong>vl.</strong></span> <span class='ocrx_word' id='word_1_41' title='bbox 924 514 1004 548; x_wconf 75' lang='lat'><strong>398.</strong></span> 
     </span>
    </p>

    <p class='ocr_par' dir='ltr' id='par_1_5' title="bbox 57 569 2529 904">
     <span class='ocr_line' id='line_1_7' title="bbox 323 569 2529 632; baseline 0.008 -25"><span class='ocrx_word' id='word_1_42' title='bbox 323 569 470 621; x_wconf 61' lang='lat'>[1440]</span> <span class='ocrx_word' id='word_1_43' title='bbox 529 569 747 612; x_wconf 64' lang='lat' dir='ltr'><strong>donamus</strong></span> <span class='ocrx_word' id='word_1_44' title='bbox 777 575 954 627; x_wconf 77' lang='lat' dir='ltr'><strong>episcopi</strong></span> <span class='ocrx_word' id='word_1_45' title='bbox 986 577 1218 616; x_wconf 85' lang='lat' dir='ltr'><strong>Arusiensis</strong></span> <span class='ocrx_word' id='word_1_46' title='bbox 1248 578 1386 625; x_wconf 82' lang='lat' dir='ltr'><strong>literae,</strong></span> <span class='ocrx_word' id='word_1_47' title='bbox 1424 579 1460 617; x_wconf 95' lang='lat' dir='ltr'><strong>in</strong></span> <span class='ocrx_word' id='word_1_48' title='bbox 1491 577 1635 632; x_wconf 82' lang='lat' dir='ltr'><strong>quibus</strong></span> <span class='ocrx_word' id='word_1_49' title='bbox 1664 578 1834 619; x_wconf 89' lang='lat' dir='ltr'><strong>Jobanni</strong></span> <span class='ocrx_word' id='word_1_50' title='bbox 1865 579 2059 620; x_wconf 90' lang='lat' dir='ltr'><strong>sacerdoti</strong></span> <span class='ocrx_word' id='word_1_51' title='bbox 2089 582 2124 620; x_wconf 90' lang='lat' dir='ltr'><strong>in</strong></span> <span class='ocrx_word' id='word_1_52' title='bbox 2155 581 2270 622; x_wconf 68' lang='lat' dir='ltr'><strong>Bizer-</strong></span> <span class='ocrx_word' id='word_1_53' title='bbox 2295 588 2350 622; x_wconf 86' lang='grc'><strong>29.</strong></span> <span class='ocrx_word' id='word_1_54' title='bbox 2371 592 2529 632; x_wconf 77' lang='lat' dir='ltr'>Augusti.</span> 
     </span>
     <span class='ocr_line' id='line_1_8' title="bbox 60 637 2274 704; baseline 0.005 -25"><span class='ocrx_word' id='word_1_55' title='bbox 60 637 226 687; x_wconf 67' lang='lat' dir='ltr'><strong>nostine,</strong></span> <span class='ocrx_word' id='word_1_56' title='bbox 255 638 544 680; x_wconf 86' lang='lat' dir='ltr'><strong>Roskildensis</strong></span> <span class='ocrx_word' id='word_1_57' title='bbox 575 639 794 689; x_wconf 89' lang='lat' dir='ltr'><strong>dioecesis,</strong></span> <span class='ocrx_word' id='word_1_58' title='bbox 825 644 1043 684; x_wconf 77' lang='lat' dir='ltr'>clausulam</span> <span class='ocrx_word' id='word_1_59' title='bbox 1075 646 1271 687; x_wconf 86' lang='lat' dir='ltr'><strong>literarum</strong></span> <span class='ocrx_word' id='word_1_60' title='bbox 1301 647 1451 688; x_wconf 81' lang='lat' dir='ltr'>Urbani</span> <span class='ocrx_word' id='word_1_61' title='bbox 1481 647 1563 688; x_wconf 57' lang='lat' dir='ltr'><strong>lvii</strong></span> <span class='ocrx_word' id='word_1_62' title='bbox 1592 664 1703 704; x_wconf 65' lang='lat' dir='ltr'><strong>papae</strong></span> <span class='ocrx_word' id='word_1_63' title='bbox 1737 650 1832 700; x_wconf 87' lang='lat' dir='ltr'><strong>(dat.</strong></span> <span class='ocrx_word' id='word_1_64' title='bbox 1866 663 1928 704; x_wconf 87' lang='lat' dir='ltr'><strong>ap.</strong></span> <span class='ocrx_word' id='word_1_65' title='bbox 1959 650 2042 690; x_wconf 87' lang='lat' dir='ltr'><strong>urb.</strong></span> <span class='ocrx_word' id='word_1_66' title='bbox 2074 656 2150 690; x_wconf 78' lang='lat' dir='ltr'><strong>vet.</strong></span> <span class='ocrx_word' id='word_1_67' title='bbox 2181 651 2274 691; x_wconf 71' lang='lat' dir='ltr'><strong>XV.</strong></span> 
     </span>
     <span class='ocr_line' id='line_1_9' title="bbox 58 708 2272 773; baseline 0.005 -23"><span class='ocrx_word' id='word_1_68' title='bbox 58 709 129 750; x_wconf 86' lang='lat' dir='ltr'><strong>cal.</strong></span> <span class='ocrx_word' id='word_1_69' title='bbox 154 708 301 749; x_wconf 88' lang='lat' dir='ltr'><strong>Novbr.</strong></span> <span class='ocrx_word' id='word_1_70' title='bbox 332 710 468 763; x_wconf 86' lang='lat' dir='ltr'><strong>pontif.</strong></span> <span class='ocrx_word' id='word_1_71' title='bbox 499 725 600 750; x_wconf 93' lang='lat' dir='ltr'><strong>anno</strong></span> <span class='ocrx_word' id='word_1_72' title='bbox 630 713 760 761; x_wconf 85' lang='lat' dir='ltr'><strong>tertio)</strong></span> <span class='ocrx_word' id='word_1_73' title='bbox 788 713 836 752; x_wconf 89' lang='lat' dir='ltr'><strong>ad</strong></span> <span class='ocrx_word' id='word_1_74' title='bbox 869 713 1097 755; x_wconf 89' lang='lat' dir='ltr'><strong>Tbnconem</strong></span> <span class='ocrx_word' id='word_1_75' title='bbox 1129 719 1361 771; x_wconf 89' lang='lat' dir='ltr'><strong>episcopum</strong></span> <span class='ocrx_word' id='word_1_76' title='bbox 1392 720 1672 767; x_wconf 88' lang='lat' dir='ltr'><strong>Arusiensem,</strong></span> <span class='ocrx_word' id='word_1_77' title='bbox 1704 720 1753 759; x_wconf 87' lang='lat' dir='ltr'><strong>de</strong></span> <span class='ocrx_word' id='word_1_78' title='bbox 1783 719 2098 773; x_wconf 78' lang='lat' dir='ltr'><strong>dispensatione,</strong></span> <span class='ocrx_word' id='word_1_79' title='bbox 2135 721 2169 760; x_wconf 89' lang='lat' dir='ltr'>L</span> <span class='ocrx_word' id='word_1_80' title='bbox 2199 722 2272 762; x_wconf 88' lang='lat' dir='ltr'><strong>cle-</strong></span> 
     </span>
     <span class='ocr_line' id='line_1_10' title="bbox 57 779 2274 840; baseline 0.005 -20"><span class='ocrx_word' id='word_1_81' title='bbox 57 781 150 820; x_wconf 84' lang='lat' dir='ltr'><strong>ricis</strong></span> <span class='ocrx_word' id='word_1_82' title='bbox 180 779 333 826; x_wconf 72' lang='lat' dir='ltr'><strong>Daciae,</strong></span> <span class='ocrx_word' id='word_1_83' title='bbox 363 780 560 821; x_wconf 87' lang='lat' dir='ltr'><strong>desectum</strong></span> <span class='ocrx_word' id='word_1_84' title='bbox 599 782 783 822; x_wconf 84' lang='lat' dir='ltr'><strong>natalium</strong></span> <span class='ocrx_word' id='word_1_85' title='bbox 813 784 1054 836; x_wconf 85' lang='lat' dir='ltr'><strong>patientibus</strong></span> <span class='ocrx_word' id='word_1_86' title='bbox 1093 786 1205 834; x_wconf 87' lang='lat' dir='ltr'><strong>data,</strong></span> <span class='ocrx_word' id='word_1_87' title='bbox 1249 790 1520 830; x_wconf 84' lang='lat' dir='ltr'><strong>communicat.</strong></span> <span class='ocrx_word' id='word_1_88' title='bbox 1563 811 1613 818; x_wconf 96' lang='lat'><strong>—</strong></span> <span class='ocrx_word' id='word_1_89' title='bbox 1657 791 1785 840; x_wconf 61' lang='lat' dir='ltr'><strong>Nor„</strong></span> <span class='ocrx_word' id='word_1_90' title='bbox 1828 791 1866 831; x_wconf 89' lang='lat' dir='ltr'><strong>in</strong></span> <span class='ocrx_word' id='word_1_91' title='bbox 1902 791 1965 830; x_wconf 87' lang='lat' dir='ltr'><strong>die</strong></span> <span class='ocrx_word' id='word_1_92' title='bbox 2001 790 2274 832; x_wconf 78' lang='lat' dir='ltr'><strong>decollationis</strong></span> 
     </span>
     <span class='ocr_line' id='line_1_11' title="bbox 57 849 627 904; baseline -0.004 -13"><span class='ocrx_word' id='word_1_93' title='bbox 57 851 182 892; x_wconf 85' lang='lat' dir='ltr'><strong>sancti</strong></span> <span class='ocrx_word' id='word_1_94' title='bbox 209 850 402 890; x_wconf 85' lang='lat' dir='ltr'><strong>Johannis</strong></span> <span class='ocrx_word' id='word_1_95' title='bbox 433 849 627 904; x_wconf 73' lang='lat' dir='ltr'><strong>baptistae.</strong></span> 
     </span>
    </p>

    <p class='ocr_par' dir='ltr' id='par_1_6' title="bbox 448 922 1081 966">
     <span class='ocr_line' id='line_1_12' title="bbox 448 922 1081 966; baseline 0.009 -13"><span class='ocrx_word' id='word_1_96' title='bbox 448 922 635 964; x_wconf 79' lang='lat' dir='ltr'><strong>Langebek</strong></span> <span class='ocrx_word' id='word_1_97' title='bbox 660 923 798 966; x_wconf 85' lang='lat' dir='ltr'><strong>Scriptt.</strong></span> <span class='ocrx_word' id='word_1_98' title='bbox 823 925 885 957; x_wconf 75' lang='lat' dir='ltr'><strong>Vl.</strong></span> <span class='ocrx_word' id='word_1_99' title='bbox 911 926 1081 959; x_wconf 83' lang='lat'>255—56.</span> 
     </span>
    </p>

    <p class='ocr_par' dir='ltr' id='par_1_7' title="bbox 54 982 2496 1258">
     <span class='ocr_line' id='line_1_13' title="bbox 316 982 2496 1047; baseline 0.006 -25"><span class='ocrx_word' id='word_1_100' title='bbox 316 983 474 1032; x_wconf 65' lang='lat'>[1441]</span> <span class='ocrx_word' id='word_1_101' title='bbox 533 982 725 1024; x_wconf 69' lang='lat' dir='ltr'><strong>Omoms</strong></span> <span class='ocrx_word' id='word_1_102' title='bbox 762 985 1023 1026; x_wconf 79' lang='lat' dir='ltr'><strong>archidiaconi</strong></span> <span class='ocrx_word' id='word_1_103' title='bbox 1062 988 1297 1028; x_wconf 75' lang='lat' dir='ltr'><strong>Arusiensis</strong></span> <span class='ocrx_word' id='word_1_104' title='bbox 1334 990 1624 1039; x_wconf 86' lang='lat' dir='ltr'><strong>testimonium,</strong></span> <span class='ocrx_word' id='word_1_105' title='bbox 1667 991 1800 1032; x_wconf 84' lang='lat' dir='ltr'><strong>datum</strong></span> <span class='ocrx_word' id='word_1_106' title='bbox 1841 992 2012 1033; x_wconf 86' lang='lat' dir='ltr'><strong>Johanni</strong></span> <span class='ocrx_word' id='word_1_107' title='bbox 2055 993 2270 1042; x_wconf 88' lang='lat' dir='ltr'><strong>sacerdoti,</strong></span> <span class='ocrx_word' id='word_1_108' title='bbox 2305 1003 2338 1035; x_wconf 86' lang='grc'><strong>3.</strong></span> <span class='ocrx_word' id='word_1_109' title='bbox 2364 1003 2496 1047; x_wconf 67' lang='lat' dir='ltr'><strong>septbr,</strong></span> 
     </span>
     <span class='ocr_line' id='line_1_14' title="bbox 56 1052 2271 1117; baseline 0.006 -26"><span class='ocrx_word' id='word_1_110' title='bbox 56 1053 194 1092; x_wconf 83' lang='lat' dir='ltr'><strong>rectori</strong></span> <span class='ocrx_word' id='word_1_111' title='bbox 224 1052 400 1092; x_wconf 81' lang='lat' dir='ltr'><strong>ecclesiae</strong></span> <span class='ocrx_word' id='word_1_112' title='bbox 430 1052 466 1092; x_wconf 86' lang='lat' dir='ltr'><strong>in</strong></span> <span class='ocrx_word' id='word_1_113' title='bbox 499 1052 768 1099; x_wconf 72' lang='lat' dir='ltr'><strong>ssiaernosthae,</strong></span> <span class='ocrx_word' id='word_1_114' title='bbox 812 1055 1095 1096; x_wconf 80' lang='lat' dir='ltr'><strong>Roskildensis</strong></span> <span class='ocrx_word' id='word_1_115' title='bbox 1127 1059 1345 1106; x_wconf 87' lang='lat' dir='ltr'><strong>dioecesis,</strong></span> <span class='ocrx_word' id='word_1_116' title='bbox 1388 1061 1521 1114; x_wconf 91' lang='lat' dir='ltr'><strong>“quod</strong></span> <span class='ocrx_word' id='word_1_117' title='bbox 1550 1075 1619 1114; x_wconf 85' lang='lat' dir='ltr'><strong>per</strong></span> <span class='ocrx_word' id='word_1_118' title='bbox 1647 1061 1907 1102; x_wconf 89' lang='lat' dir='ltr'><strong>venerabilem</strong></span> <span class='ocrx_word' id='word_1_119' title='bbox 1936 1067 2106 1117; x_wconf 89' lang='lat' dir='ltr'><strong>patrem,</strong></span> <span class='ocrx_word' id='word_1_120' title='bbox 2150 1065 2271 1104; x_wconf 88' lang='lat' dir='ltr'><strong>domi·</strong></span> 
     </span>
     <span class='ocr_line' id='line_1_15' title="bbox 55 1121 2269 1182; baseline 0.005 -20"><span class='ocrx_word' id='word_1_121' title='bbox 55 1136 146 1162; x_wconf 90' lang='lat' dir='ltr'><strong>num</strong></span> <span class='ocrx_word' id='word_1_122' title='bbox 176 1121 425 1170; x_wconf 88' lang='lat' dir='ltr'><strong>Thuconem,</strong></span> <span class='ocrx_word' id='word_1_123' title='bbox 470 1124 668 1176; x_wconf 85' lang='lat' dir='ltr'><strong>quondam</strong></span> <span class='ocrx_word' id='word_1_124' title='bbox 697 1126 959 1165; x_wconf 86' lang='lat' dir='ltr'><strong>Arusiensem</strong></span> <span class='ocrx_word' id='word_1_125' title='bbox 989 1129 1234 1181; x_wconf 87' lang='lat' dir='ltr'><strong>episcopum,</strong></span> <span class='ocrx_word' id='word_1_126' title='bbox 1273 1129 1544 1182; x_wconf 87' lang='lat' dir='ltr'><strong>dispensatum</strong></span> <span class='ocrx_word' id='word_1_127' title='bbox 1575 1132 1646 1171; x_wconf 87' lang='lat' dir='ltr'><strong>suit</strong></span> <span class='ocrx_word' id='word_1_128' title='bbox 1674 1146 1762 1171; x_wconf 92' lang='lat' dir='ltr'><strong>cum</strong></span> <span class='ocrx_word' id='word_1_129' title='bbox 1792 1146 1838 1171; x_wconf 92' lang='lat' dir='ltr'><strong>eo</strong></span> <span class='ocrx_word' id='word_1_130' title='bbox 1876 1139 1914 1172; x_wconf 88' lang='lat' dir='ltr'><strong>et</strong></span> <span class='ocrx_word' id='word_1_131' title='bbox 1944 1134 1992 1173; x_wconf 89' lang='lat' dir='ltr'><strong>ad</strong></span> <span class='ocrx_word' id='word_1_132' title='bbox 2026 1133 2269 1182; x_wconf 82' lang='lat' dir='ltr'><strong>beneficium,</strong></span> 
     </span>
     <span class='ocr_line' id='line_1_16' title="bbox 54 1193 2267 1258; baseline 0.005 -24"><span class='ocrx_word' id='word_1_133' title='bbox 54 1207 184 1234; x_wconf 86' lang='lat' dir='ltr'><strong>curam</strong></span> <span class='ocrx_word' id='word_1_134' title='bbox 213 1193 368 1234; x_wconf 89' lang='lat' dir='ltr'><strong>habens</strong></span> <span class='ocrx_word' id='word_1_135' title='bbox 397 1195 632 1242; x_wconf 89' lang='lat' dir='ltr'><strong>animarum,</strong></span> <span class='ocrx_word' id='word_1_136' title='bbox 663 1199 701 1234; x_wconf 91' lang='lat' dir='ltr'><strong>et</strong></span> <span class='ocrx_word' id='word_1_137' title='bbox 730 1195 779 1234; x_wconf 91' lang='lat' dir='ltr'><strong>ad</strong></span> <span class='ocrx_word' id='word_1_138' title='bbox 807 1210 945 1235; x_wconf 85' lang='lat' dir='ltr'><strong>sacros</strong></span> <span class='ocrx_word' id='word_1_139' title='bbox 975 1197 1145 1245; x_wconf 83' lang='lat' dir='ltr'><strong>ordines,</strong></span> <span class='ocrx_word' id='word_1_140' title='bbox 1176 1212 1279 1252; x_wconf 88' lang='lat' dir='ltr'><strong>quos</strong></span> <span class='ocrx_word' id='word_1_141' title='bbox 1303 1201 1389 1253; x_wconf 86' lang='lat' dir='ltr'><strong>jam</strong></span> <span class='ocrx_word' id='word_1_142' title='bbox 1418 1200 1572 1241; x_wconf 83' lang='lat' dir='ltr'><strong>babet”.</strong></span> <span class='ocrx_word' id='word_1_143' title='bbox 1602 1223 1653 1229; x_wconf 88' lang='lat'><em>-</em></span> <span class='ocrx_word' id='word_1_144' title='bbox 1682 1202 1824 1256; x_wconf 78' lang='lat' dir='ltr'><strong>Ripz&#39;s,</strong></span> <span class='ocrx_word' id='word_1_145' title='bbox 1853 1204 1966 1243; x_wconf 88' lang='lat' dir='ltr'><strong>tertio</strong></span> <span class='ocrx_word' id='word_1_146' title='bbox 1996 1218 2084 1244; x_wconf 86' lang='lat' dir='ltr'><strong>non.</strong></span> <span class='ocrx_word' id='word_1_147' title='bbox 2112 1205 2267 1258; x_wconf 87' lang='lat' dir='ltr'><strong>Septbr.</strong></span> 
     </span>
    </p>

    <p class='ocr_par' dir='ltr' id='par_1_8' title="bbox 446 1264 991 1309">
     <span class='ocr_line' id='line_1_17' title="bbox 446 1264 991 1309; baseline 0.006 -12"><span class='ocrx_word' id='word_1_148' title='bbox 446 1264 632 1305; x_wconf 66' lang='lat' dir='ltr'><strong>Langebek</strong></span> <span class='ocrx_word' id='word_1_149' title='bbox 657 1265 799 1309; x_wconf 76' lang='lat' dir='ltr'><strong>Scriptt.</strong></span> <span class='ocrx_word' id='word_1_150' title='bbox 825 1267 886 1300; x_wconf 77' lang='lat' dir='ltr'><strong>Vl.</strong></span> <span class='ocrx_word' id='word_1_151' title='bbox 913 1267 991 1300; x_wconf 76' lang='lat'><strong>256.</strong></span> 
     </span>
    </p>

    <p class='ocr_par' dir='ltr' id='par_1_9' title="bbox 315 1312 2267 1388">
     <span class='ocr_line' id='line_1_18' title="bbox 315 1312 2267 1388; baseline 0.006 -24"><span class='ocrx_word' id='word_1_152' title='bbox 315 1312 472 1375; x_wconf 64' lang='lat'>[14421]</span> <span class='ocrx_word' id='word_1_153' title='bbox 531 1326 793 1366; x_wconf 53' lang='lat' dir='ltr'><strong>mammem</strong></span> <span class='ocrx_word' id='word_1_154' title='bbox 823 1327 1203 1379; x_wconf 61' lang='lat' dir='ltr'><strong>Kwrznownan,</strong></span> <span class='ocrx_word' id='word_1_155' title='bbox 1234 1329 1460 1371; x_wconf 87' lang='lat' dir='ltr'><strong>Abbedisse</strong></span> <span class='ocrx_word' id='word_1_156' title='bbox 1490 1333 1501 1371; x_wconf 93' lang='lat' dir='ltr'><strong>i</strong></span> <span class='ocrx_word' id='word_1_157' title='bbox 1530 1332 1572 1371; x_wconf 90' lang='lat' dir='ltr'><strong>S.</strong></span> <span class='ocrx_word' id='word_1_158' title='bbox 1604 1332 1718 1373; x_wconf 90' lang='lat' dir='ltr'><strong>Clare</strong></span> <span class='ocrx_word' id='word_1_159' title='bbox 1741 1333 1903 1373; x_wconf 89' lang='lat' dir='ltr'><strong>Kloster</strong></span> <span class='ocrx_word' id='word_1_160' title='bbox 1932 1335 1943 1373; x_wconf 92' lang='lat' dir='ltr'><strong>i</strong></span> <span class='ocrx_word' id='word_1_161' title='bbox 1975 1334 2186 1382; x_wconf 85' lang='lat' dir='ltr'><strong>Roskilde,</strong></span> <span class='ocrx_word' id='word_1_162' title='bbox 2216 1349 2267 1388; x_wconf 85' lang='lat' dir='ltr'><strong>og</strong></span> 
     </span>
    </p>

    <p class='ocr_par' dir='ltr' id='par_1_10' title="bbox 53 1389 2265 1452">
     <span class='ocr_line' id='line_1_19' title="bbox 53 1389 2265 1452; baseline 0.005 -18"><span class='ocrx_word' id='word_1_163' title='bbox 53 1394 270 1435; x_wconf 87' lang='lat' dir='ltr'><strong>Conveutet</strong></span> <span class='ocrx_word' id='word_1_164' title='bbox 299 1389 566 1436; x_wconf 83' lang='lat' dir='ltr'><strong>sammesteds</strong></span> <span class='ocrx_word' id='word_1_165' title='bbox 595 1397 769 1443; x_wconf 85' lang='lat' dir='ltr'><strong>tilstaae‚</strong></span> <span class='ocrx_word' id='word_1_166' title='bbox 800 1402 839 1436; x_wconf 89' lang='lat' dir='ltr'><strong>at</strong></span> <span class='ocrx_word' id='word_1_167' title='bbox 870 1398 937 1445; x_wconf 88' lang='lat' dir='ltr'><strong>de,</strong></span> <span class='ocrx_word' id='word_1_168' title='bbox 967 1399 1055 1438; x_wconf 89' lang='lat' dir='ltr'><strong>med</strong></span> <span class='ocrx_word' id='word_1_169' title='bbox 1086 1400 1304 1452; x_wconf 68' lang='lat' dir='ltr'><strong>Sanrtykke</strong></span> <span class='ocrx_word' id='word_1_170' title='bbox 1334 1401 1379 1440; x_wconf 86' lang='lat' dir='ltr'><strong>af</strong></span> <span class='ocrx_word' id='word_1_171' title='bbox 1401 1401 1506 1441; x_wconf 88' lang='lat' dir='ltr'><strong>Frue</strong></span> <span class='ocrx_word' id='word_1_172' title='bbox 1534 1402 1693 1449; x_wconf 82' lang='lat' dir='ltr'><strong>AElsess&#39;,</strong></span> <span class='ocrx_word' id='word_1_173' title='bbox 1736 1403 2069 1444; x_wconf 88' lang='lat' dir='ltr'><strong>Forstanderinde</strong></span> <span class='ocrx_word' id='word_1_174' title='bbox 2106 1405 2164 1444; x_wconf 87' lang='lat' dir='ltr'><strong>sor</strong></span> <span class='ocrx_word' id='word_1_175' title='bbox 2199 1404 2265 1445; x_wconf 85' lang='lat' dir='ltr'><strong>be-</strong></span> 
     </span>
    </p>
   </div>
   <div class='ocr_carea' id='block_1_4' title="bbox 50 1465 2263 1574">
    <p class='ocr_par' dir='ltr' id='par_1_11' title="bbox 50 1465 2263 1574">
     <span class='ocr_line' id='line_1_20' title="bbox 50 1465 2263 1527; baseline 0.004 -22"><span class='ocrx_word' id='word_1_176' title='bbox 50 1465 194 1506; x_wconf 88' lang='lat' dir='ltr'><strong>meldte</strong></span> <span class='ocrx_word' id='word_1_177' title='bbox 222 1466 405 1514; x_wconf 88' lang='lat' dir='ltr'><strong>Kloster,</strong></span> <span class='ocrx_word' id='word_1_178' title='bbox 435 1466 534 1506; x_wconf 86' lang='lat' dir='ltr'><strong>have</strong></span> <span class='ocrx_word' id='word_1_179' title='bbox 565 1467 655 1505; x_wconf 90' lang='lat' dir='ltr'><strong>leiet</strong></span> <span class='ocrx_word' id='word_1_180' title='bbox 683 1468 841 1507; x_wconf 88' lang='lat' dir='ltr'><strong>Anders</strong></span> <span class='ocrx_word' id='word_1_181' title='bbox 872 1468 1057 1508; x_wconf 71' lang='lat' dir='ltr'><strong>Hansstin</strong></span> <span class='ocrx_word' id='word_1_182' title='bbox 1088 1484 1133 1509; x_wconf 90' lang='lat' dir='ltr'><strong>en</strong></span> <span class='ocrx_word' id='word_1_183' title='bbox 1166 1470 1298 1510; x_wconf 84' lang='lat' dir='ltr'><strong>Gaard</strong></span> <span class='ocrx_word' id='word_1_184' title='bbox 1327 1473 1338 1510; x_wconf 90' lang='lat' dir='ltr'><strong>i</strong></span> <span class='ocrx_word' id='word_1_185' title='bbox 1368 1471 1498 1524; x_wconf 88' lang='lat' dir='ltr'><strong>Alyne</strong></span> <span class='ocrx_word' id='word_1_186' title='bbox 1529 1472 1620 1512; x_wconf 86' lang='lat' dir='ltr'><strong>lille.</strong></span> <span class='ocrx_word' id='word_1_187' title='bbox 1933 1474 2263 1527; x_wconf 78' lang='lat' dir='ltr'><strong>(Oversaettelse).</strong></span> 
     </span>
     <span class='ocr_line' id='line_1_21' title="bbox 446 1537 1290 1574; baseline 0.006 -5"><span class='ocrx_word' id='word_1_188' title='bbox 446 1537 552 1570; x_wconf 88' lang='lat' dir='ltr'><strong>Suhm</strong></span> <span class='ocrx_word' id='word_1_189' title='bbox 579 1538 670 1570; x_wconf 75' lang='lat' dir='ltr'><strong>nist.</strong></span> <span class='ocrx_word' id='word_1_190' title='bbox 696 1539 737 1570; x_wconf 82' lang='lat' dir='ltr'><strong>at’</strong></span> <span class='ocrx_word' id='word_1_191' title='bbox 756 1540 902 1571; x_wconf 82' lang='lat' dir='ltr'><strong>Danmk.</strong></span> <span class='ocrx_word' id='word_1_192' title='bbox 928 1540 991 1572; x_wconf 89' lang='lat' dir='ltr'><strong>Xl.</strong></span> <span class='ocrx_word' id='word_1_193' title='bbox 1017 1540 1096 1574; x_wconf 80' lang='lat'><strong>869.</strong></span> <span class='ocrx_word' id='word_1_194' title='bbox 1123 1541 1185 1573; x_wconf 81' lang='lat' dir='ltr'><strong>cfr.</strong></span> <span class='ocrx_word' id='word_1_195' title='bbox 1215 1541 1290 1574; x_wconf 90' lang='grc'><strong>107.</strong></span> 
     </span>
    </p>
   </div>
   <div class='ocr_carea' id='block_1_5' title="bbox 47 1597 2263 1869">
    <p class='ocr_par' dir='ltr' id='par_1_12' title="bbox 47 1597 2263 1869">
     <span class='ocr_line' id='line_1_22' title="bbox 309 1597 2263 1656; baseline 0.005 -20"><span class='ocrx_word' id='word_1_196' title='bbox 309 1597 457 1649; x_wconf 84' lang='grc'><strong>[1443.]</strong></span> <span class='ocrx_word' id='word_1_197' title='bbox 515 1599 672 1638; x_wconf 85' lang='lat' dir='ltr'><strong>Statuta</strong></span> <span class='ocrx_word' id='word_1_198' title='bbox 702 1600 861 1652; x_wconf 86' lang='lat' dir='ltr'><strong>capituli</strong></span> <span class='ocrx_word' id='word_1_199' title='bbox 891 1603 1081 1652; x_wconf 85' lang='lat' dir='ltr'><strong>generalis</strong></span> <span class='ocrx_word' id='word_1_200' title='bbox 1112 1603 1258 1641; x_wconf 85' lang='lat' dir='ltr'><strong>ordinis</strong></span> <span class='ocrx_word' id='word_1_201' title='bbox 1289 1602 1596 1643; x_wconf 85' lang='lat' dir='ltr'><strong>Cisterciensis:</strong></span> <span class='ocrx_word' id='word_1_202' title='bbox 1655 1604 1675 1656; x_wconf 65' lang='grc' dir='ltr'><strong>ξ</strong></span> <span class='ocrx_word' id='word_1_203' title='bbox 1712 1603 1749 1643; x_wconf 87' lang='grc'><strong>3.</strong></span> <span class='ocrx_word' id='word_1_204' title='bbox 1780 1603 1902 1645; x_wconf 86' lang='lat' dir='ltr'><strong>“Item</strong></span> <span class='ocrx_word' id='word_1_205' title='bbox 1931 1607 2068 1645; x_wconf 80' lang='lat' dir='ltr'><strong>statuit</strong></span> <span class='ocrx_word' id='word_1_206' title='bbox 2096 1610 2134 1646; x_wconf 91' lang='lat' dir='ltr'><strong>et</strong></span> <span class='ocrx_word' id='word_1_207' title='bbox 2164 1606 2263 1646; x_wconf 86' lang='lat' dir='ltr'><strong>ordi-</strong></span> 
     </span>
     <span class='ocr_line' id='line_1_23' title="bbox 49 1667 2262 1724; baseline 0.005 -18"><span class='ocrx_word' id='word_1_208' title='bbox 49 1671 116 1708; x_wconf 87' lang='lat' dir='ltr'><strong>nat</strong></span> <span class='ocrx_word' id='word_1_209' title='bbox 143 1667 356 1721; x_wconf 90' lang='lat' dir='ltr'><strong>capitulum</strong></span> <span class='ocrx_word' id='word_1_210' title='bbox 387 1670 588 1721; x_wconf 84' lang='lat' dir='ltr'><strong>generale,</strong></span> <span class='ocrx_word' id='word_1_211' title='bbox 619 1671 725 1723; x_wconf 88' lang='lat' dir='ltr'><strong>quod</strong></span> <span class='ocrx_word' id='word_1_212' title='bbox 756 1671 928 1709; x_wconf 86' lang='lat' dir='ltr'><strong>definitio</strong></span> <span class='ocrx_word' id='word_1_213' title='bbox 959 1671 1006 1710; x_wconf 90' lang='lat' dir='ltr'><strong>de</strong></span> <span class='ocrx_word' id='word_1_214' title='bbox 1038 1685 1271 1712; x_wconf 69' lang='lat' dir='ltr'><strong>ABBA&#39;NRUS</strong></span> <span class='ocrx_word' id='word_1_215' title='bbox 1308 1686 1357 1711; x_wconf 70' lang='lat' dir='ltr'><strong>ne</strong></span> <span class='ocrx_word' id='word_1_216' title='bbox 1385 1673 1552 1720; x_wconf 62' lang='lat' dir='ltr'><strong>Dacia,</strong></span> <span class='ocrx_word' id='word_1_217' title='bbox 1597 1673 1645 1712; x_wconf 89' lang='lat' dir='ltr'><strong>de</strong></span> <span class='ocrx_word' id='word_1_218' title='bbox 1684 1675 1843 1721; x_wconf 81' lang='lat' dir='ltr'><strong>Suetia,</strong></span> <span class='ocrx_word' id='word_1_219' title='bbox 1887 1675 1934 1715; x_wconf 92' lang='lat' dir='ltr'><strong>de</strong></span> <span class='ocrx_word' id='word_1_220' title='bbox 1974 1675 2101 1716; x_wconf 89' lang='lat' dir='ltr'><strong>Frisia</strong></span> <span class='ocrx_word' id='word_1_221' title='bbox 2144 1677 2262 1724; x_wconf 89' lang='lat' dir='ltr'><strong>edita,</strong></span> 
     </span>
     <span class='ocr_line' id='line_1_24' title="bbox 50 1738 2262 1800; baseline 0.005 -23"><span class='ocrx_word' id='word_1_222' title='bbox 50 1742 238 1791; x_wconf 87' lang='lat' dir='ltr'><strong>quantum</strong></span> <span class='ocrx_word' id='word_1_223' title='bbox 267 1738 318 1778; x_wconf 90' lang='lat' dir='ltr'><strong>ad</strong></span> <span class='ocrx_word' id='word_1_224' title='bbox 348 1741 637 1791; x_wconf 83' lang='lat' dir='ltr'><strong>generationem</strong></span> <span class='ocrx_word' id='word_1_225' title='bbox 669 1741 972 1780; x_wconf 83' lang='lat' dir='ltr'><strong>Cisterciensem</strong></span> <span class='ocrx_word' id='word_1_226' title='bbox 1002 1743 1037 1780; x_wconf 93' lang='lat' dir='ltr'><strong>in</strong></span> <span class='ocrx_word' id='word_1_227' title='bbox 1068 1756 1142 1780; x_wconf 90' lang='lat' dir='ltr'><strong>suo</strong></span> <span class='ocrx_word' id='word_1_228' title='bbox 1172 1741 1310 1782; x_wconf 88' lang='lat' dir='ltr'><strong>robore</strong></span> <span class='ocrx_word' id='word_1_229' title='bbox 1341 1748 1583 1796; x_wconf 82' lang='lat' dir='ltr'><strong>perseveret,</strong></span> <span class='ocrx_word' id='word_1_230' title='bbox 1614 1745 1666 1784; x_wconf 90' lang='lat' dir='ltr'><strong>ita</strong></span> <span class='ocrx_word' id='word_1_231' title='bbox 1697 1745 1801 1797; x_wconf 85' lang='lat' dir='ltr'><strong>quod</strong></span> <span class='ocrx_word' id='word_1_232' title='bbox 1832 1745 1904 1791; x_wconf 88' lang='lat' dir='ltr'><strong>illi,</strong></span> <span class='ocrx_word' id='word_1_233' title='bbox 1936 1747 2001 1798; x_wconf 89' lang='lat' dir='ltr'><strong>qui</strong></span> <span class='ocrx_word' id='word_1_234' title='bbox 2031 1761 2100 1799; x_wconf 89' lang='lat' dir='ltr'><strong>per</strong></span> <span class='ocrx_word' id='word_1_235' title='bbox 2129 1748 2262 1800; x_wconf 86' lang='lat' dir='ltr'><strong>ipsum</strong></span> 
     </span>
     <span class='ocr_line' id='line_1_25' title="bbox 47 1808 2263 1869; baseline 0.004 -21"><span class='ocrx_word' id='word_1_236' title='bbox 47 1808 272 1857; x_wconf 76' lang='lat' dir='ltr'><strong>mittentur,</strong></span> <span class='ocrx_word' id='word_1_237' title='bbox 301 1808 471 1850; x_wconf 89' lang='lat' dir='ltr'><strong>habeant</strong></span> <span class='ocrx_word' id='word_1_238' title='bbox 498 1814 737 1863; x_wconf 87' lang='lat' dir='ltr'><strong>potestatem</strong></span> <span class='ocrx_word' id='word_1_239' title='bbox 766 1812 971 1864; x_wconf 89' lang='lat' dir='ltr'><strong>puniendi,</strong></span> <span class='ocrx_word' id='word_1_240' title='bbox 1014 1813 1231 1864; x_wconf 79' lang='lat' dir='ltr'><strong>corrigendi</strong></span> <span class='ocrx_word' id='word_1_241' title='bbox 1261 1827 1330 1866; x_wconf 90' lang='lat' dir='ltr'><strong>per</strong></span> <span class='ocrx_word' id='word_1_242' title='bbox 1361 1813 1647 1866; x_wconf 82' lang='lat' dir='ltr'><strong>depositionem</strong></span> <span class='ocrx_word' id='word_1_243' title='bbox 1683 1816 1744 1854; x_wconf 88' lang='lat' dir='ltr'><strong>vel</strong></span> <span class='ocrx_word' id='word_1_244' title='bbox 1779 1815 1877 1855; x_wconf 87' lang='lat' dir='ltr'><strong>alias</strong></span> <span class='ocrx_word' id='word_1_245' title='bbox 1914 1821 2030 1869; x_wconf 86' lang='lat' dir='ltr'><strong>prout</strong></span> <span class='ocrx_word' id='word_1_246' title='bbox 2067 1817 2263 1857; x_wconf 85' lang='lat' dir='ltr'><strong>videbitur</strong></span> 
     </span>
    </p>
   </div>
   <div class='ocr_carea' id='block_1_6' title="bbox 48 1878 1774 1986">
    <p class='ocr_par' dir='ltr' id='par_1_13' title="bbox 48 1878 1774 1986">
     <span class='ocr_line' id='line_1_26' title="bbox 48 1878 306 1919; baseline 0.008 -2"><span class='ocrx_word' id='word_1_247' title='bbox 48 1878 306 1919; x_wconf 80' lang='lat' dir='ltr'><strong>faciendum”.</strong></span> 
     </span>
     <span class='ocr_line' id='line_1_27' title="bbox 443 1951 1774 1986; baseline 0.001 -3"><span class='ocrx_word' id='word_1_248' title='bbox 443 1953 602 1984; x_wconf 76' lang='lat' dir='ltr'><strong>Mar-tene</strong></span> <span class='ocrx_word' id='word_1_249' title='bbox 626 1953 659 1983; x_wconf 84' lang='lat' dir='ltr'><strong>et</strong></span> <span class='ocrx_word' id='word_1_250' title='bbox 682 1951 822 1984; x_wconf 86' lang='lat' dir='ltr'><strong>Durand</strong></span> <span class='ocrx_word' id='word_1_251' title='bbox 847 1951 1012 1984; x_wconf 84' lang='lat' dir='ltr'><strong>Tbesaur.</strong></span> <span class='ocrx_word' id='word_1_252' title='bbox 1037 1961 1112 1983; x_wconf 88' lang='lat' dir='ltr'><strong>nov.</strong></span> <span class='ocrx_word' id='word_1_253' title='bbox 1138 1951 1264 1984; x_wconf 87' lang='lat' dir='ltr'><strong>Anecd.</strong></span> <span class='ocrx_word' id='word_1_254' title='bbox 1291 1955 1387 1984; x_wconf 89' lang='lat' dir='ltr'><strong>Tom.</strong></span> <span class='ocrx_word' id='word_1_255' title='bbox 1413 1953 1475 1985; x_wconf 77' lang='lat' dir='ltr'><strong>lv.</strong></span> <span class='ocrx_word' id='word_1_256' title='bbox 1502 1953 1601 1986; x_wconf 73' lang='grc'><strong>1186.</strong></span> <span class='ocrx_word' id='word_1_257' title='bbox 1759 1964 1774 1984; x_wconf 74' lang='grc' dir='ltr'><strong>ο</strong></span> 
     </span>
    </p>
   </div>
   <div class='ocr_carea' id='block_1_7' title="bbox 19 2012 2259 2418">
    <p class='ocr_par' dir='ltr' id='par_1_14' title="bbox 19 2012 2259 2418">
     <span class='ocr_line' id='line_1_28' title="bbox 309 2012 2258 2066; baseline 0.003 -15"><span class='ocrx_word' id='word_1_258' title='bbox 309 2013 466 2062; x_wconf 82' lang='grc'><strong>[1444.]</strong></span> <span class='ocrx_word' id='word_1_259' title='bbox 524 2014 625 2052; x_wconf 91' lang='lat' dir='ltr'><strong>Acta</strong></span> <span class='ocrx_word' id='word_1_260' title='bbox 662 2013 821 2066; x_wconf 87' lang='lat' dir='ltr'><strong>capituli</strong></span> <span class='ocrx_word' id='word_1_261' title='bbox 861 2012 1053 2064; x_wconf 81' lang='lat' dir='ltr'><strong>generalis</strong></span> <span class='ocrx_word' id='word_1_262' title='bbox 1093 2012 1239 2051; x_wconf 86' lang='lat' dir='ltr'><strong>ordinis</strong></span> <span class='ocrx_word' id='word_1_263' title='bbox 1277 2012 1595 2054; x_wconf 78' lang='lat' dir='ltr'><strong>praedicatorum.</strong></span> <span class='ocrx_word' id='word_1_264' title='bbox 1666 2015 1686 2066; x_wconf 58' lang='grc' dir='ltr'>ᾗ</span> <span class='ocrx_word' id='word_1_265' title='bbox 1720 2015 1790 2056; x_wconf 85' lang='lat'><strong>18:</strong></span> <span class='ocrx_word' id='word_1_266' title='bbox 1827 2015 2049 2057; x_wconf 85' lang='lat' dir='ltr'><strong>“Mittimus</strong></span> <span class='ocrx_word' id='word_1_267' title='bbox 2093 2018 2129 2056; x_wconf 88' lang='lat' dir='ltr'><strong>in</strong></span> <span class='ocrx_word' id='word_1_268' title='bbox 2161 2030 2258 2057; x_wconf 73' lang='lat' dir='ltr'><strong>Pno-</strong></span> 
     </span>
     <span class='ocr_line' id='line_1_29' title="bbox 49 2082 2259 2140; baseline 0.002 -18"><span class='ocrx_word' id='word_1_269' title='bbox 49 2089 224 2124; x_wconf 68' lang='lat' dir='ltr'><strong>vincum</strong></span> <span class='ocrx_word' id='word_1_270' title='bbox 253 2083 408 2123; x_wconf 69' lang='lat' dir='ltr'><strong>DAcm</strong></span> <span class='ocrx_word' id='word_1_271' title='bbox 439 2083 682 2129; x_wconf 89' lang='lat' dir='ltr'><strong>visitatores,</strong></span> <span class='ocrx_word' id='word_1_272' title='bbox 724 2084 876 2122; x_wconf 81' lang='lat' dir='ltr'><strong>fratrem</strong></span> <span class='ocrx_word' id='word_1_273' title='bbox 907 2082 956 2121; x_wconf 83' lang='lat' dir='ltr'><strong>N.</strong></span> <span class='ocrx_word' id='word_1_274' title='bbox 987 2083 1154 2135; x_wconf 87' lang='lat' dir='ltr'><strong>priorem</strong></span> <span class='ocrx_word' id='word_1_275' title='bbox 1184 2083 1544 2130; x_wconf 76' lang='lat' dir='ltr'><strong>ffildesemensem,</strong></span> <span class='ocrx_word' id='word_1_276' title='bbox 1587 2085 1826 2125; x_wconf 78' lang='lat' dir='ltr'><strong>Friderieum</strong></span> <span class='ocrx_word' id='word_1_277' title='bbox 1855 2088 2021 2140; x_wconf 90' lang='lat' dir='ltr'><strong>priorem</strong></span> <span class='ocrx_word' id='word_1_278' title='bbox 2049 2087 2259 2128; x_wconf 85' lang='lat' dir='ltr'><strong>Madebur·</strong></span> 
     </span>
     <span class='ocr_line' id='line_1_30' title="bbox 19 2153 2257 2209; baseline 0.002 -17"><span class='ocrx_word' id='word_1_279' title='bbox 19 2167 231 2206; x_wconf 70' lang='lat' dir='ltr'><strong>.gensem‚</strong></span> <span class='ocrx_word' id='word_1_280' title='bbox 261 2167 349 2193; x_wconf 90' lang='lat' dir='ltr'><strong>cum</strong></span> <span class='ocrx_word' id='word_1_281' title='bbox 378 2153 493 2206; x_wconf 88' lang='lat' dir='ltr'><strong>plena</strong></span> <span class='ocrx_word' id='word_1_282' title='bbox 522 2155 753 2201; x_wconf 75' lang='lat' dir='ltr'><strong>auctoritate</strong></span> <span class='ocrx_word' id='word_1_283' title='bbox 783 2153 958 2204; x_wconf 81' lang='lat' dir='ltr'><strong>magistri</strong></span> <span class='ocrx_word' id='word_1_284' title='bbox 988 2156 1026 2191; x_wconf 91' lang='lat' dir='ltr'><strong>et</strong></span> <span class='ocrx_word' id='word_1_285' title='bbox 1056 2157 1207 2199; x_wconf 88' lang='lat' dir='ltr'><strong>nostra,</strong></span> <span class='ocrx_word' id='word_1_286' title='bbox 1251 2154 1317 2205; x_wconf 88' lang='lat' dir='ltr'><strong>qui</strong></span> <span class='ocrx_word' id='word_1_287' title='bbox 1354 2157 1434 2193; x_wconf 90' lang='lat' dir='ltr'><strong>tam</strong></span> <span class='ocrx_word' id='word_1_288' title='bbox 1471 2154 1506 2192; x_wconf 88' lang='lat' dir='ltr'><strong>in</strong></span> <span class='ocrx_word' id='word_1_289' title='bbox 1544 2154 1741 2207; x_wconf 87' lang='lat' dir='ltr'><strong>capitibus</strong></span> <span class='ocrx_word' id='word_1_290' title='bbox 1771 2169 1887 2209; x_wconf 84' lang='lat' dir='ltr'><strong>quam</strong></span> <span class='ocrx_word' id='word_1_291' title='bbox 1921 2157 1958 2195; x_wconf 90' lang='lat' dir='ltr'><strong>in</strong></span> <span class='ocrx_word' id='word_1_292' title='bbox 1988 2157 2174 2197; x_wconf 88' lang='lat' dir='ltr'><strong>membris</strong></span> <span class='ocrx_word' id='word_1_293' title='bbox 2204 2159 2257 2197; x_wconf 87' lang='lat' dir='ltr'><strong>in·</strong></span> 
     </span>
     <span class='ocr_line' id='line_1_31' title="bbox 46 2222 2256 2276; baseline 0.002 -14"><span class='ocrx_word' id='word_1_294' title='bbox 46 2224 220 2276; x_wconf 86' lang='lat' dir='ltr'><strong>quirant,</strong></span> <span class='ocrx_word' id='word_1_295' title='bbox 263 2225 479 2275; x_wconf 82' lang='lat' dir='ltr'><strong>corrigant,</strong></span> <span class='ocrx_word' id='word_1_296' title='bbox 523 2225 703 2263; x_wconf 88' lang='lat' dir='ltr'><strong>ordinent</strong></span> <span class='ocrx_word' id='word_1_297' title='bbox 732 2227 770 2261; x_wconf 92' lang='lat' dir='ltr'><strong>et</strong></span> <span class='ocrx_word' id='word_1_298' title='bbox 798 2222 1021 2268; x_wconf 88' lang='lat' dir='ltr'><strong>emendent,</strong></span> <span class='ocrx_word' id='word_1_299' title='bbox 1052 2236 1295 2276; x_wconf 73' lang='lat' dir='ltr'><strong>quaecunque</strong></span> <span class='ocrx_word' id='word_1_300' title='bbox 1325 2223 1554 2275; x_wconf 84' lang='lat' dir='ltr'><strong>corrigenda</strong></span> <span class='ocrx_word' id='word_1_301' title='bbox 1584 2228 1622 2264; x_wconf 88' lang='lat' dir='ltr'><strong>et</strong></span> <span class='ocrx_word' id='word_1_302' title='bbox 1660 2225 1900 2264; x_wconf 85' lang='lat' dir='ltr'><strong>emendanda</strong></span> <span class='ocrx_word' id='word_1_303' title='bbox 1930 2226 2092 2265; x_wconf 88' lang='lat' dir='ltr'><strong>viderint</strong></span> <span class='ocrx_word' id='word_1_304' title='bbox 2128 2231 2167 2267; x_wconf 89' lang='lat' dir='ltr'><strong>et</strong></span> <span class='ocrx_word' id='word_1_305' title='bbox 2203 2228 2256 2267; x_wconf 89' lang='lat' dir='ltr'><strong>in-</strong></span> 
     </span>
     <span class='ocr_line' id='line_1_32' title="bbox 45 2292 2253 2348; baseline 0.002 -15"><span class='ocrx_word' id='word_1_306' title='bbox 45 2295 231 2342; x_wconf 85' lang='lat' dir='ltr'><strong>venerint,</strong></span> <span class='ocrx_word' id='word_1_307' title='bbox 261 2299 300 2334; x_wconf 90' lang='lat' dir='ltr'><strong>et</strong></span> <span class='ocrx_word' id='word_1_308' title='bbox 331 2294 444 2335; x_wconf 88' lang='lat' dir='ltr'><strong>ambo</strong></span> <span class='ocrx_word' id='word_1_309' title='bbox 467 2296 504 2333; x_wconf 93' lang='lat' dir='ltr'><strong>in</strong></span> <span class='ocrx_word' id='word_1_310' title='bbox 532 2294 703 2334; x_wconf 88' lang='lat' dir='ltr'><strong>solidum</strong></span> <span class='ocrx_word' id='word_1_311' title='bbox 729 2292 898 2332; x_wconf 84' lang='lat' dir='ltr'><strong>habeant</strong></span> <span class='ocrx_word' id='word_1_312' title='bbox 919 2293 1191 2344; x_wconf 75' lang='lat' dir='ltr'><strong>potestatem·‘.</strong></span> <span class='ocrx_word' id='word_1_313' title='bbox 1249 2292 1267 2342; x_wconf 65' lang='grc' dir='ltr'>ξ</span> <span class='ocrx_word' id='word_1_314' title='bbox 1303 2293 1369 2332; x_wconf 77' lang='lat'><strong>19:</strong></span> <span class='ocrx_word' id='word_1_315' title='bbox 1402 2292 1688 2334; x_wconf 81' lang='lat' dir='ltr'><strong>“Absolvimus</strong></span> <span class='ocrx_word' id='word_1_316' title='bbox 1711 2296 1862 2348; x_wconf 84' lang='lat' dir='ltr'><strong>priores</strong></span> <span class='ocrx_word' id='word_1_317' title='bbox 1884 2297 2253 2347; x_wconf 77' lang='lat' dir='ltr'><strong>provincialeS.....</strong></span> 
     </span>
     <span class='ocr_line' id='line_1_33' title="bbox 47 2361 2254 2418; baseline 0.001 -14"><span class='ocrx_word' id='word_1_318' title='bbox 47 2365 293 2405; x_wconf 76' lang='lat' dir='ltr'><strong>Omvmumu</strong></span> <span class='ocrx_word' id='word_1_319' title='bbox 323 2365 475 2405; x_wconf 67' lang='lat' dir='ltr'><strong>Dacffl}</strong></span> <span class='ocrx_word' id='word_1_320' title='bbox 637 2367 677 2403; x_wconf 88' lang='lat' dir='ltr'><strong>et</strong></span> <span class='ocrx_word' id='word_1_321' title='bbox 713 2363 958 2408; x_wconf 82' lang='lat' dir='ltr'><strong>ordinamus,</strong></span> <span class='ocrx_word' id='word_1_322' title='bbox 997 2361 1101 2414; x_wconf 83' lang='lat' dir='ltr'><strong>quod</strong></span> <span class='ocrx_word' id='word_1_323' title='bbox 1131 2362 1244 2400; x_wconf 84' lang='lat' dir='ltr'><strong>iidem</strong></span> <span class='ocrx_word' id='word_1_324' title='bbox 1275 2362 1414 2401; x_wconf 86' lang='lat' dir='ltr'><strong>fratres</strong></span> <span class='ocrx_word' id='word_1_325' title='bbox 1445 2363 1482 2402; x_wconf 87' lang='lat' dir='ltr'><strong>in</strong></span> <span class='ocrx_word' id='word_1_326' title='bbox 1513 2363 1662 2404; x_wconf 90' lang='lat' dir='ltr'><strong>eisdem</strong></span> <span class='ocrx_word' id='word_1_327' title='bbox 1692 2365 1899 2418; x_wconf 85' lang='lat' dir='ltr'><strong>provinciis</strong></span> <span class='ocrx_word' id='word_1_328' title='bbox 1930 2369 1968 2405; x_wconf 88' lang='lat' dir='ltr'><strong>et</strong></span> <span class='ocrx_word' id='word_1_329' title='bbox 1997 2367 2254 2406; x_wconf 83' lang='lat' dir='ltr'><strong>conventibus</strong></span> 
     </span>
    </p>
   </div>
   <div class='ocr_carea' id='block_1_8' title="bbox 2 2432 1672 2538">
    <p class='ocr_par' dir='ltr' id='par_1_15' title="bbox 2 2432 1672 2538">
     <span class='ocr_line' id='line_1_34' title="bbox 2 2432 1408 2487; baseline -0.004 -11"><span class='ocrx_word' id='word_1_330' title='bbox 2 2481 8 2487; x_wconf 35' lang='lat'>¹</span> <span class='ocrx_word' id='word_1_331' title='bbox 45 2435 95 2476; x_wconf 87' lang='lat' dir='ltr'><strong>ad</strong></span> <span class='ocrx_word' id='word_1_332' title='bbox 123 2435 261 2476; x_wconf 86' lang='lat' dir='ltr'><strong>eadem</strong></span> <span class='ocrx_word' id='word_1_333' title='bbox 291 2435 416 2475; x_wconf 78' lang='lat' dir='ltr'><strong>officia</strong></span> <span class='ocrx_word' id='word_1_334' title='bbox 448 2449 522 2474; x_wconf 91' lang='lat' dir='ltr'><strong>non</strong></span> <span class='ocrx_word' id='word_1_335' title='bbox 553 2438 808 2474; x_wconf 90' lang='lat' dir='ltr'><strong>assumantur</strong></span> <span class='ocrx_word' id='word_1_336' title='bbox 838 2434 913 2472; x_wconf 85' lang='lat' dir='ltr'><strong>isto</strong></span> <span class='ocrx_word' id='word_1_337' title='bbox 941 2432 1081 2472; x_wconf 90' lang='lat' dir='ltr'><strong>anno&#39;’.</strong></span> <span class='ocrx_word' id='word_1_338' title='bbox 1110 2453 1163 2460; x_wconf 93' lang='lat'><strong>--</strong></span> <span class='ocrx_word' id='word_1_339' title='bbox 1192 2432 1408 2472; x_wconf 63' lang='lat' dir='ltr'><strong>Palmatice.</strong></span> 
     </span>
     <span class='ocr_line' id='line_1_35' title="bbox 438 2501 1672 2538; baseline -0.002 0"><span class='ocrx_word' id='word_1_340' title='bbox 438 2507 594 2538; x_wconf 87' lang='lat' dir='ltr'><strong>Martene</strong></span> <span class='ocrx_word' id='word_1_341' title='bbox 619 2507 653 2537; x_wconf 88' lang='lat' dir='ltr'><strong>et</strong></span> <span class='ocrx_word' id='word_1_342' title='bbox 679 2504 817 2538; x_wconf 74' lang='lat' dir='ltr'><strong>Dur-and</strong></span> <span class='ocrx_word' id='word_1_343' title='bbox 841 2504 1007 2536; x_wconf 79' lang='lat' dir='ltr'><strong>Thesaur.</strong></span> <span class='ocrx_word' id='word_1_344' title='bbox 1034 2512 1109 2535; x_wconf 85' lang='lat' dir='ltr'><strong>nov.</strong></span> <span class='ocrx_word' id='word_1_345' title='bbox 1133 2502 1261 2535; x_wconf 84' lang='lat' dir='ltr'><strong>Anecd.</strong></span> <span class='ocrx_word' id='word_1_346' title='bbox 1288 2503 1383 2535; x_wconf 80' lang='lat' dir='ltr'><strong>Tom.</strong></span> <span class='ocrx_word' id='word_1_347' title='bbox 1409 2503 1470 2535; x_wconf 79' lang='lat' dir='ltr'><strong>lv.</strong></span> <span class='ocrx_word' id='word_1_348' title='bbox 1501 2501 1598 2536; x_wconf 78' lang='lat'>1849.</span> <span class='ocrx_word' id='word_1_349' title='bbox 1668 2501 1672 2513; x_wconf 92' lang='lat'>&#39;</span> 
     </span>
    </p>
   </div>
   <div class='ocr_carea' id='block_1_9' title="bbox 950 2617 2433 2680">
    <p class='ocr_par' dir='ltr' id='par_1_16' title="bbox 950 2617 2433 2680">
     <span class='ocr_line' id='line_1_36' title="bbox 950 2617 2433 2680; baseline 0.004 -14"><span class='ocrx_word' id='word_1_350' title='bbox 950 2617 1079 2666; x_wconf 75' lang='lat'>1291</span> <span class='ocrx_word' id='word_1_351' title='bbox 1113 2617 1188 2664; x_wconf 81' lang='lat' dir='ltr'><strong>vel</strong></span> <span class='ocrx_word' id='word_1_352' title='bbox 1225 2624 1347 2680; x_wconf 86' lang='lat' dir='ltr'><strong>post.</strong></span> <span class='ocrx_word' id='word_1_353' title='bbox 2333 2638 2433 2677; x_wconf 76' lang='lat'><strong>1291</strong></span> 
     </span>
    </p>
   </div>
   <div class='ocr_carea' id='block_1_10' title="bbox 43 2707 2466 2843">
    <p class='ocr_par' dir='ltr' id='par_1_17' title="bbox 43 2707 2466 2843">
     <span class='ocr_line' id='line_1_37' title="bbox 305 2707 2466 2770; baseline 0 -12"><span class='ocrx_word' id='word_1_354' title='bbox 305 2718 452 2770; x_wconf 62' lang='lat'>[1445]</span> <span class='ocrx_word' id='word_1_355' title='bbox 510 2717 694 2757; x_wconf 72' lang='lat' dir='ltr'><strong>Nlcomu</strong></span> <span class='ocrx_word' id='word_1_356' title='bbox 730 2716 908 2769; x_wconf 88' lang='lat' dir='ltr'><strong>episcopi</strong></span> <span class='ocrx_word' id='word_1_357' title='bbox 943 2714 1229 2766; x_wconf 85' lang='lat' dir='ltr'><strong>Burglanensis</strong></span> <span class='ocrx_word' id='word_1_358' title='bbox 1265 2714 1404 2760; x_wconf 81' lang='lat' dir='ltr'><strong>literae,</strong></span> <span class='ocrx_word' id='word_1_359' title='bbox 1449 2713 1595 2768; x_wconf 85' lang='lat' dir='ltr'><strong>quibus</strong></span> <span class='ocrx_word' id='word_1_360' title='bbox 1631 2718 1817 2763; x_wconf 86' lang='lat' dir='ltr'><strong>testatur,</strong></span> <span class='ocrx_word' id='word_1_361' title='bbox 1859 2730 1905 2756; x_wconf 91' lang='lat' dir='ltr'><strong>se</strong></span> <span class='ocrx_word' id='word_1_362' title='bbox 1942 2719 2069 2758; x_wconf 90' lang='lat' dir='ltr'><strong>omnia</strong></span> <span class='ocrx_word' id='word_1_363' title='bbox 2104 2718 2179 2759; x_wconf 81' lang='lat' dir='ltr'><strong>sibi</strong></span> <span class='ocrx_word' id='word_1_364' title='bbox 2215 2722 2251 2760; x_wconf 93' lang='lat' dir='ltr'><strong>in</strong></span> <span class='ocrx_word' id='word_1_365' title='bbox 2300 2707 2354 2740; x_wconf 51' lang='grc' dir='ltr'><strong>γε,</strong></span> <span class='ocrx_word' id='word_1_366' title='bbox 2381 2712 2466 2750; x_wconf 83' lang='lat' dir='ltr'><strong>post.</strong></span> 
     </span>
     <span class='ocr_line' id='line_1_38' title="bbox 43 2784 2252 2843; baseline 0 -15"><span class='ocrx_word' id='word_1_367' title='bbox 43 2789 246 2829; x_wconf 85' lang='lat' dir='ltr'><strong>mansione</strong></span> <span class='ocrx_word' id='word_1_368' title='bbox 274 2789 400 2829; x_wconf 85' lang='lat' dir='ltr'><strong>Dofre</strong></span> <span class='ocrx_word' id='word_1_369' title='bbox 430 2789 652 2834; x_wconf 86' lang='lat' dir='ltr'><strong>attinentia,</strong></span> <span class='ocrx_word' id='word_1_370' title='bbox 683 2792 787 2825; x_wconf 89' lang='lat' dir='ltr'><strong>“tam</strong></span> <span class='ocrx_word' id='word_1_371' title='bbox 817 2788 853 2824; x_wconf 92' lang='lat' dir='ltr'><strong>in</strong></span> <span class='ocrx_word' id='word_1_372' title='bbox 886 2785 1020 2830; x_wconf 81' lang='lat' dir='ltr'><strong>terris,</strong></span> <span class='ocrx_word' id='word_1_373' title='bbox 1064 2797 1179 2836; x_wconf 84' lang='lat' dir='ltr'><strong>quam</strong></span> <span class='ocrx_word' id='word_1_374' title='bbox 1211 2785 1246 2822; x_wconf 93' lang='lat' dir='ltr'><strong>in</strong></span> <span class='ocrx_word' id='word_1_375' title='bbox 1279 2784 1460 2823; x_wconf 87' lang='lat' dir='ltr'><strong>domibus</strong></span> <span class='ocrx_word' id='word_1_376' title='bbox 1490 2789 1528 2823; x_wconf 87' lang='lat' dir='ltr'><strong>et</strong></span> <span class='ocrx_word' id='word_1_377' title='bbox 1557 2784 1790 2837; x_wconf 86' lang='lat' dir='ltr'><strong>pecoribus,</strong></span> <span class='ocrx_word' id='word_1_378' title='bbox 1833 2800 1920 2826; x_wconf 92' lang='lat' dir='ltr'><strong>cum</strong></span> <span class='ocrx_word' id='word_1_379' title='bbox 1958 2789 2061 2827; x_wconf 87' lang='lat' dir='ltr'><strong>omni</strong></span> <span class='ocrx_word' id='word_1_380' title='bbox 2105 2790 2252 2843; x_wconf 86' lang='lat' dir='ltr'><strong>reliqua</strong></span> 
     </span>
    </p>
   </div>
   <div class='ocr_carea' id='block_1_11' title="bbox 44 2846 2255 3340">
    <p class='ocr_par' dir='ltr' id='par_1_18' title="bbox 44 2846 2255 3279">
     <span class='ocr_line' id='line_1_39' title="bbox 44 2846 2251 2912; baseline 0.001 -15"><span class='ocrx_word' id='word_1_381' title='bbox 44 2859 314 2912; x_wconf 82' lang='lat' dir='ltr'><strong>supellectili&#39;&#39;,</strong></span> <span class='ocrx_word' id='word_1_382' title='bbox 345 2858 532 2899; x_wconf 78' lang='lat' dir='ltr'><strong>fratribus</strong></span> <span class='ocrx_word' id='word_1_383' title='bbox 548 2858 646 2897; x_wconf 90' lang='lat' dir='ltr'><strong>Loci</strong></span> <span class='ocrx_word' id='word_1_384' title='bbox 661 2846 759 2899; x_wconf 70' lang='lat' dir='ltr'><strong>Dei‚&#39;</strong></span> <span class='ocrx_word' id='word_1_385' title='bbox 779 2855 886 2908; x_wconf 90' lang='lat' dir='ltr'><strong>apud</strong></span> <span class='ocrx_word' id='word_1_386' title='bbox 902 2862 1003 2907; x_wconf 83' lang='lat' dir='ltr'><strong>quo&#39;s</strong></span> <span class='ocrx_word' id='word_1_387' title='bbox 1020 2854 1144 2892; x_wconf 90' lang='lat' dir='ltr'><strong>locum</strong></span> <span class='ocrx_word' id='word_1_388' title='bbox 1162 2854 1373 2906; x_wconf 83' lang='lat' dir='ltr'><strong>sepulturae</strong></span> <span class='ocrx_word' id='word_1_389' title='bbox 1391 2853 1466 2892; x_wconf 88' lang='lat' dir='ltr'><strong>sibi</strong></span> <span class='ocrx_word' id='word_1_390' title='bbox 1482 2855 1662 2906; x_wconf 81' lang='lat' dir='ltr'><strong>elegerat,</strong></span> <span class='ocrx_word' id='word_1_391' title='bbox 1693 2856 1923 2896; x_wconf 88' lang='lat' dir='ltr'><strong>contulisse.</strong></span> <span class='ocrx_word' id='word_1_392' title='bbox 1947 2880 1996 2886; x_wconf 94' lang='lat'><strong>—</strong></span> <span class='ocrx_word' id='word_1_393' title='bbox 2023 2858 2116 2897; x_wconf 91' lang='lat' dir='ltr'><strong>Sine</strong></span> <span class='ocrx_word' id='word_1_394' title='bbox 2136 2872 2251 2899; x_wconf 92' lang='lat' dir='ltr'><strong>anno.</strong></span> 
     </span>
     <span class='ocr_line' id='line_1_40' title="bbox 435 2922 2253 2973; baseline 0.001 -12"><span class='ocrx_word' id='word_1_395' title='bbox 435 2928 619 2970; x_wconf 79' lang='lat' dir='ltr'><strong>Langebek</strong></span> <span class='ocrx_word' id='word_1_396' title='bbox 645 2926 785 2969; x_wconf 81' lang='lat' dir='ltr'><strong>Scriptt.</strong></span> <span class='ocrx_word' id='word_1_397' title='bbox 810 2924 908 2958; x_wconf 89' lang='lat' dir='ltr'>VIII.</span> <span class='ocrx_word' id='word_1_398' title='bbox 933 2923 1103 2956; x_wconf 75' lang='lat'>217—18.</span> <span class='ocrx_word' id='word_1_399' title='bbox 1162 2922 1307 2955; x_wconf 81' lang='lat' dir='ltr'><strong>Donatio</strong></span> <span class='ocrx_word' id='word_1_400' title='bbox 1334 2922 1405 2956; x_wconf 84' lang='lat' dir='ltr'><strong>haec</strong></span> <span class='ocrx_word' id='word_1_401' title='bbox 1438 2935 1460 2956; x_wconf 80' lang='lat' dir='ltr'><strong>a</strong></span> <span class='ocrx_word' id='word_1_402' title='bbox 1482 2924 1625 2957; x_wconf 80' lang='lat' dir='ltr'><strong>Nicoiao</strong></span> <span class='ocrx_word' id='word_1_403' title='bbox 1651 2925 1807 2969; x_wconf 83' lang='lat' dir='ltr'><strong>episcopo</strong></span> <span class='ocrx_word' id='word_1_404' title='bbox 1839 2926 1880 2959; x_wconf 78' lang='lat' dir='ltr'><strong>in</strong></span> <span class='ocrx_word' id='word_1_405' title='bbox 1912 2929 2094 2961; x_wconf 70' lang='lat' dir='ltr'><strong>extremis</strong></span> <span class='ocrx_word' id='word_1_406' title='bbox 2119 2935 2253 2973; x_wconf 66' lang='lat' dir='ltr'><strong>agente</strong></span> 
     </span>
     <span class='ocr_line' id='line_1_41' title="bbox 435 2983 2250 3032; baseline 0.001 -9"><span class='ocrx_word' id='word_1_407' title='bbox 435 2990 528 3023; x_wconf 83' lang='lat' dir='ltr'><strong>facta</strong></span> <span class='ocrx_word' id='word_1_408' title='bbox 560 2993 614 3023; x_wconf 82' lang='lat' dir='ltr'><strong>est</strong></span> <span class='ocrx_word' id='word_1_409' title='bbox 641 2988 737 3032; x_wconf 67' lang='lat' dir='ltr'><strong>(vid.</strong></span> <span class='ocrx_word' id='word_1_410' title='bbox 761 2987 880 3019; x_wconf 81' lang='lat' dir='ltr'><strong>literas</strong></span> <span class='ocrx_word' id='word_1_411' title='bbox 907 2987 945 3018; x_wconf 90' lang='lat' dir='ltr'><strong>P.</strong></span> <span class='ocrx_word' id='word_1_412' title='bbox 970 2983 1140 3028; x_wconf 70' lang='lat' dir='ltr'><strong>praepositi</strong></span> <span class='ocrx_word' id='word_1_413' title='bbox 1167 2988 1199 3016; x_wconf 86' lang='lat' dir='ltr'><strong>et</strong></span> <span class='ocrx_word' id='word_1_414' title='bbox 1222 2984 1392 3016; x_wconf 85' lang='lat' dir='ltr'><strong>Johannis</strong></span> <span class='ocrx_word' id='word_1_415' title='bbox 1426 2985 1575 3028; x_wconf 86' lang='lat' dir='ltr'><strong>episcopi</strong></span> <span class='ocrx_word' id='word_1_416' title='bbox 1606 2987 1864 3029; x_wconf 74' lang='lat' dir='ltr'><strong>Borglumensis</strong></span> <span class='ocrx_word' id='word_1_417' title='bbox 1898 2999 1950 3031; x_wconf 88' lang='lat' dir='ltr'><strong>ap.</strong></span> <span class='ocrx_word' id='word_1_418' title='bbox 1984 2990 2135 3031; x_wconf 74' lang='lat' dir='ltr'><strong>Langeb.</strong></span> <span class='ocrx_word' id='word_1_419' title='bbox 2171 2991 2194 3023; x_wconf 89' lang='lat'><strong>1.</strong></span> <span class='ocrx_word' id='word_1_420' title='bbox 2220 3002 2250 3025; x_wconf 83' lang='lat' dir='ltr'><strong>c.</strong></span> 
     </span>
     <span class='ocr_line' id='line_1_42' title="bbox 435 3045 2255 3095; baseline 0.001 -11"><span class='ocrx_word' id='word_1_421' title='bbox 435 3063 466 3095; x_wconf 86' lang='lat' dir='ltr'><strong>p.</strong></span> <span class='ocrx_word' id='word_1_422' title='bbox 492 3050 604 3094; x_wconf 84' lang='grc'><strong>217.).</strong></span> <span class='ocrx_word' id='word_1_423' title='bbox 652 3050 814 3083; x_wconf 76' lang='lat' dir='ltr'><strong>Nicolaus</strong></span> <span class='ocrx_word' id='word_1_424' title='bbox 839 3047 922 3080; x_wconf 85' lang='lat' dir='ltr'><strong>vixit</strong></span> <span class='ocrx_word' id='word_1_425' title='bbox 945 3046 1051 3078; x_wconf 84' lang='lat' dir='ltr'><strong>adbuc</strong></span> <span class='ocrx_word' id='word_1_426' title='bbox 1077 3045 1108 3077; x_wconf 83' lang='lat' dir='ltr'><strong>d.</strong></span> <span class='ocrx_word' id='word_1_427' title='bbox 1138 3045 1193 3078; x_wconf 84' lang='grc'><strong>22.</strong></span> <span class='ocrx_word' id='word_1_428' title='bbox 1219 3046 1338 3078; x_wconf 76' lang='lat' dir='ltr'><strong>Martii</strong></span> <span class='ocrx_word' id='word_1_429' title='bbox 1365 3049 1398 3078; x_wconf 88' lang='lat' dir='ltr'><strong>ct</strong></span> <span class='ocrx_word' id='word_1_430' title='bbox 1422 3046 1477 3079; x_wconf 86' lang='grc'><strong>25.</strong></span> <span class='ocrx_word' id='word_1_431' title='bbox 1503 3047 1597 3080; x_wconf 83' lang='lat' dir='ltr'><strong>Junii</strong></span> <span class='ocrx_word' id='word_1_432' title='bbox 1633 3058 1688 3081; x_wconf 83' lang='lat' dir='ltr'><strong>an.</strong></span> <span class='ocrx_word' id='word_1_433' title='bbox 1724 3048 1824 3082; x_wconf 82' lang='lat'><strong>1290.</strong></span> <span class='ocrx_word' id='word_1_434' title='bbox 1856 3049 1944 3092; x_wconf 83' lang='lat' dir='ltr'><strong>(vid.</strong></span> <span class='ocrx_word' id='word_1_435' title='bbox 1970 3050 2075 3083; x_wconf 80' lang='lat' dir='ltr'><strong>Suhm</strong></span> <span class='ocrx_word' id='word_1_436' title='bbox 2101 3052 2190 3085; x_wconf 84' lang='lat' dir='ltr'><strong>Hist.</strong></span> <span class='ocrx_word' id='word_1_437' title='bbox 2216 3054 2255 3086; x_wconf 76' lang='lat' dir='ltr'><strong>af</strong></span> 
     </span>
     <span class='ocr_line' id='line_1_43' title="bbox 434 3107 2250 3152; baseline 0.001 -6"><span class='ocrx_word' id='word_1_438' title='bbox 434 3113 584 3146; x_wconf 80' lang='lat' dir='ltr'><strong>Danmk.</strong></span> <span class='ocrx_word' id='word_1_439' title='bbox 608 3112 672 3144; x_wconf 87' lang='lat' dir='ltr'><strong>XI.</strong></span> <span class='ocrx_word' id='word_1_440' title='bbox 697 3111 754 3144; x_wconf 76' lang='lat'><strong>79.</strong></span> <span class='ocrx_word' id='word_1_441' title='bbox 781 3113 814 3143; x_wconf 87' lang='lat' dir='ltr'><strong>et</strong></span> <span class='ocrx_word' id='word_1_442' title='bbox 838 3109 985 3152; x_wconf 77' lang='lat' dir='ltr'><strong>diploma</strong></span> <span class='ocrx_word' id='word_1_443' title='bbox 1009 3117 1109 3150; x_wconf 83' lang='lat' dir='ltr'><strong>supra</strong></span> <span class='ocrx_word' id='word_1_444' title='bbox 1134 3117 1189 3138; x_wconf 91' lang='lat' dir='ltr'><strong>no.</strong></span> <span class='ocrx_word' id='word_1_445' title='bbox 1219 3107 1316 3139; x_wconf 77' lang='lat'>1428.</span> <span class='ocrx_word' id='word_1_446' title='bbox 1343 3107 1527 3152; x_wconf 84' lang='lat' dir='ltr'><strong>allatum),</strong></span> <span class='ocrx_word' id='word_1_447' title='bbox 1565 3112 1598 3142; x_wconf 84' lang='lat' dir='ltr'><strong>et</strong></span> <span class='ocrx_word' id='word_1_448' title='bbox 1622 3110 1775 3143; x_wconf 80' lang='lat' dir='ltr'><strong>fortasse</strong></span> <span class='ocrx_word' id='word_1_449' title='bbox 1807 3111 1917 3145; x_wconf 77' lang='lat' dir='ltr'><strong>adhuc</strong></span> <span class='ocrx_word' id='word_1_450' title='bbox 1949 3122 2028 3145; x_wconf 84' lang='lat' dir='ltr'><strong>ann.</strong></span> <span class='ocrx_word' id='word_1_451' title='bbox 2064 3112 2162 3146; x_wconf 79' lang='lat'>1292.</span> <span class='ocrx_word' id='word_1_452' title='bbox 2198 3115 2250 3148; x_wconf 78' lang='lat' dir='ltr'><strong>vel</strong></span> 
     </span>
     <span class='ocr_line' id='line_1_44' title="bbox 438 3167 2249 3218; baseline 0.002 -12"><span class='ocrx_word' id='word_1_453' title='bbox 438 3174 538 3207; x_wconf 80' lang='lat'>1291.</span> <span class='ocrx_word' id='word_1_454' title='bbox 564 3174 598 3206; x_wconf 89' lang='lat' dir='ltr'><strong>in</strong></span> <span class='ocrx_word' id='word_1_455' title='bbox 622 3172 709 3207; x_wconf 86' lang='lat' dir='ltr'><strong>vivis</strong></span> <span class='ocrx_word' id='word_1_456' title='bbox 734 3175 809 3205; x_wconf 81' lang='lat' dir='ltr'><strong>erat</strong></span> <span class='ocrx_word' id='word_1_457' title='bbox 831 3170 919 3213; x_wconf 76' lang='lat' dir='ltr'><strong>[vid.</strong></span> <span class='ocrx_word' id='word_1_458' title='bbox 944 3167 1176 3212; x_wconf 80' lang='lat' dir='ltr'><strong>Pontoppidan</strong></span> <span class='ocrx_word' id='word_1_459' title='bbox 1200 3168 1338 3202; x_wconf 79' lang='lat' dir='ltr'><strong>Annali.</strong></span> <span class='ocrx_word' id='word_1_460' title='bbox 1372 3169 1416 3202; x_wconf 86' lang='grc' dir='ltr'><strong>ΙΙ.</strong></span> <span class='ocrx_word' id='word_1_461' title='bbox 1442 3170 1496 3202; x_wconf 86' lang='grc'><strong>78.</strong></span> <span class='ocrx_word' id='word_1_462' title='bbox 1523 3170 1586 3203; x_wconf 85' lang='lat' dir='ltr'><strong>cfr.</strong></span> <span class='ocrx_word' id='word_1_463' title='bbox 1623 3172 1650 3204; x_wconf 92' lang='lat'><strong>1.</strong></span> <span class='ocrx_word' id='word_1_464' title='bbox 1677 3171 1798 3216; x_wconf 77' lang='lat'>⁷61.);</span> <span class='ocrx_word' id='word_1_465' title='bbox 1834 3183 1897 3218; x_wconf 81' lang='lat' dir='ltr'><strong>quo</strong></span> <span class='ocrx_word' id='word_1_466' title='bbox 1929 3184 2014 3207; x_wconf 88' lang='lat' dir='ltr'><strong>vero</strong></span> <span class='ocrx_word' id='word_1_467' title='bbox 2043 3185 2130 3208; x_wconf 89' lang='lat' dir='ltr'><strong>anno</strong></span> <span class='ocrx_word' id='word_1_468' title='bbox 2163 3176 2249 3210; x_wconf 88' lang='lat' dir='ltr'><strong>diem</strong></span> 
     </span>
     <span class='ocr_line' id='line_1_45' title="bbox 435 3232 1070 3279; baseline -0.011 -9"><span class='ocrx_word' id='word_1_469' title='bbox 435 3245 627 3279; x_wconf 83' lang='lat' dir='ltr'><strong>supremum</strong></span> <span class='ocrx_word' id='word_1_470' title='bbox 653 3233 790 3276; x_wconf 83' lang='lat' dir='ltr'><strong>obierit,</strong></span> <span class='ocrx_word' id='word_1_471' title='bbox 815 3232 982 3266; x_wconf 84' lang='lat' dir='ltr'><strong>incertum</strong></span> <span class='ocrx_word' id='word_1_472' title='bbox 1007 3232 1070 3264; x_wconf 87' lang='lat' dir='ltr'><strong>est.</strong></span> 
     </span>
    </p>

    <p class='ocr_par' dir='ltr' id='par_1_19' title="bbox 110 3295 1987 3340">
     <span class='ocr_line' id='line_1_46' title="bbox 110 3295 1987 3340; baseline 0.009 -16"><span class='ocrx_word' id='word_1_473' title='bbox 110 3295 238 3332; x_wconf 71' lang='lat' dir='ltr'><strong>aegest.</strong></span> <span class='ocrx_word' id='word_1_474' title='bbox 257 3297 334 3326; x_wconf 82' lang='lat' dir='ltr'><strong>Dan.</strong></span> <span class='ocrx_word' id='word_1_475' title='bbox 354 3298 378 3327; x_wconf 83' lang='lat'><strong>1.</strong></span> <span class='ocrx_word' id='word_1_476' title='bbox 1935 3299 1987 3340; x_wconf 76' lang='lat'><strong>23</strong></span> 
     </span>
    </p>
   </div>
  </div>
 </body>
</html>
