2649 3686
747 152 903 202 Koxo
937 153 1228 205 VALnEMAn
1263 172 1359 205 DEN
1395 156 1439 204 F
1441 165 1606 207 ons-re.
2220 167 2281 214 51

321 320 450 370 [ΞΒ-1.]
509 322 785 363 &vtum-mani
817 328 924 378 regis
954 328 1096 376 literae,
1141 329 1286 383 quibus
1317 332 1559 370 monasterio
1591 333 1628 370 in
1659 331 1805 371 Esrom
1846 336 1985 372 terram
2017 334 2210 387 quandam
2241 337 2278 375 in

57 392 265 433 Hailamlia
297 392 412 431 offert
440 397 480 431 et
508 392 670 432 liberam
697 394 888 446 lignorum
927 398 980 437 ibi
1021 399 1293 439 cacdendorum
1334 400 1560 440 facultatem
1598 402 1794 442 concedit.
1839 425 1887 431 —-
1934 403 2265 457 Sklamletlmrp,

60 461 273 502 indictione
296 461 422 502 VIIII.
446 468 704 503 concurrente
727 463 814 503 llll.
838 467 964 518 pridie
989 482 1079 509 non.
1102 470 1211 517 Julii‚
1242 471 1477 510 monarchiae
1499 459 1631 511 autem
1658 474 1764 525 regni
1781 473 2027 512 VValdemari
2045 488 2145 512 anno
2163 473 2280 514 XlX.

454 532 643 565 Thon-kefin
671 534 884 577 Diplomatar
908 540 1147 580 Arna-Magn.
1175 540 1201 575 1.
1229 552 1259 584 p.
1286 541 1433 574 40-41.
1482 542 1658 584 Liljegren
1681 543 1907 586 Diplomatar.
1934 548 2080 577 Svecan.
2101 545 2126 576 1.
2150 555 2203 578 no.
2227 546 2282 579 73.

453 604 485 637 p.
513 593 664 627 97—98.
713 597 903 637 Langebek
928 600 1067 644 scriptt.
1095 602 1157 634 lx.
1208 626 1216 635 .
1243 603 1327 635 Cod.
1352 604 1489 636 Esrom.
1515 604 1577 637 sol.
1606 606 1799 639 CLXXVI.

319 667 449 716 [ΞΒ-5.]
509 667 758 709 AnsALoms
803 673 985 726 episcopi
1030 674 1317 715 Roskildensis
1361 676 1504 725 literae,
1555 677 1700 731 quibus
1742 678 1853 732 plura
1896 678 2087 718 beneficia
2132 679 2282 719 confert

57 736 130 776 St*-
159 735 294 776 Mariae
322 737 585 776 Roskiltlensi
618 738 805 779 claustro.
837 764 886 769 —
918 744 1014 782 Sine
1045 758 1159 784 anno.

449 806 638 839 Thorkclin
663 809 887 852 Diplomatar.
912 815 1147 856 Arna-Magn.
1173 817 1200 849 1.
1226 827 1257 859 p.
1283 815 1453 850 257—58.
1479 817 1544 850 cfr.
1570 828 1602 860 p.
1622 818 1701 851 330.
1751 819 1826 852 Cfr.
1847 819 1952 851 Suhm
1973 818 2063 852 nist.
2081 820 2122 852 at’
2136 821 2281 853 Danmk.

451 869 532 901 Vll.
557 869 729 902 472-73.

320 941 449 990 [286]
507 941 674 990 Literae,
726 945 871 997 quibus
913 947 1139 995 Ansarox,
1191 951 1409 1003 episcopus
1459 951 1768 1002 Roskildensis,
1826 955 2030 994 confirmat
2078 954 2279 994 willelmo

56 1009 188 1050 abbati
218 1008 275 1050 Sti
304 1011 465 1051 Tbomae
505 1012 554 1051 de
584 1012 783 1053 Paraclito
814 1020 854 1054 et
883 1017 1063 1069 ejusdem
1102 1020 1281 1059 ccclesia:
1311 1020 1497 1061 fratribus
1534 1037 1602 1070 ea,
1645 1037 1730 1077 quae
1767 1025 1922 1064 cambio
1962 1029 2030 1063 aut
2068 1025 2280 1065 donatione

55 1081 104 1121 ab
134 1083 224 1135 ipso
255 1081 516 1121 obtinuerant.
547 1104 597 1110 —
630 1083 727 1124 Sine
758 1099 873 1125 anno.

451 1152 641 1185 Thorkelin
676 1155 765 1198 Dipl.
799 1158 1039 1198 Arna—Magn.
1079 1158 1103 1190 Ι.
1139 1158 1286 1192 41-12.
1345 1162 1532 1203 Langebek
1569 1163 1706 1207 Scriptt.
1744 1166 1806 1198 ΥΙ.
1846 1165 2013 1199 134-35.
2062 1167 2136 1200 Csr.
2175 1167 2279 1200 Suhm

448 1214 540 1247 nist.
567 1214 608 1246 af
632 1216 780 1250 Danmk.
805 1219 883 1251 ΥΠ.
910 1219 989 1251 530.

319 1286 449 1336 [2872]
507 1287 683 1328 Ewm
728 1289 912 1329 Lundnn.
957 1291 1250 1346 archiepiscopi
1294 1294 1344 1333 ad
1387 1295 1634 1336 Ludovicum
1678 1298 1916 1340 Francorum
1960 1315 2090 1353 regem
2134 1302 2276 1347 literar,

56 1357 200 1411 quibus
229 1357 417 1397 auxilium
442 1360 550 1411 regis
582 1363 717 1398 contra
746 1359 973 1408 Ernisium,
1005 1362 1198 1415 quondam
1231 1366 1358 1403 sancti
1388 1365 1564 1405 Victoris
1595 1367 1792 1416 abbatem,
1823 1371 2027 1423 implorat,
2058 1373 2123 1424 qui
2156 1375 2276 1423 “qua-

55 1427 283 1480 dringentas
307 1442 462 1467 marcas
492 1429 652 1481 triginta
682 1415 814 1469 minus
843 1432 930 1482 puri
954 1433 1103 1483 argenti
1126 1433 1299 1485 pondere
1326 1433 1554 1483 Trecensi”,
1585 1439 1622 1476 in
1647 1438 1873 1491 depositum
1898 1440 1947 1479 ab
1972 1441 2275 1495 archiepiscopo

53 1497 326 1545 concreditas,
354 1498 519 1538 reddere
549 1500 721 1551 negavit.
753 1522 802 1527 —
834 1501 930 1540 Sine
960 1515 1075 1540 anno.

450 1570 632 1602 Duchesne
658 1568 820 1602 Historiae
845 1572 1054 1604 Francorum
1080 1571 1271 1615 Scriptores
1298 1576 1394 1608 Tom.
1428 1577 1491 1610 IV.
1516 1587 1548 1620 p.
1573 1576 1654 1610 646.
1716 1578 1791 1611 Cfr.
1818 1578 1922 1612 Subm
1949 1579 2039 1614 nist.
2065 1582 2105 1614 af
2125 1582 2273 1616 Danmk.

448 1633 527 1664 Vll.
555 1631 726 1664 473-71.

315 1703 446 1753 [288]
503 1704 710 1743 willielmi
751 1704 999 1745 Senonensis
1032 1707 1323 1762 archiepiscopi
1366 1710 1416 1749 ad
1454 1711 1681 1751 Mauritium
1725 1714 1958 1766 episcopum
2003 1715 2272 1756 parisiensem

52 1775 192 1821 literae,
234 1774 301 1813 ubi
347 1776 448 1813 inter
491 1774 567 1813 alia
608 1775 725 1827 jubet
768 1775 1024 1827 “depositum
1063 1791 1392 1819 Ancmssrrscopl
1433 1780 1611 1820 Diem?
1656 1783 1694 1821 in
1732 1783 1819 1822 loco
1858 1785 1895 1823 in
1932 1785 2103 1824 ecclesia
2132 1788 2272 1839 majori

52 1858 263 1898 reponere,
294 1845 399 1884 sacta
429 1845 536 1897 apud
563 1844 792 1892 Ernisium,
823 1845 1006 1885 abbatem
1037 1848 1231 1899 quondam
1264 1852 1391 1889 sancti
1421 1851 1618 1898 Victoris,
1649 1853 1919 1906 inquisitione.
1951 1876 2000 1883 —
2033 1856 2129 1895 Sine
2155 1870 2271 1895 anno.

446 1916 627 1948 Duchesne
652 1916 815 1948 Historiae
839 1918 1047 1949 Francorum
1081 1918 1268 1961 scriptores
1295 1922 1390 1953 Tom.
1424 1922 1487 1954 lv.
1522 1932 1552 1964 p.
1584 1922 1665 1954 604.
1725 1922 1829 1954 Bulaei
1857 1924 2011 1956 Historia
2035 1925 2272 1960 universitatis

446 1977 655 2010 Parisiensis
682 1977 806 2023 (Paris
834 1978 934 2010 1665.
961 1979 1058 2023 Fol.)
1085 1981 1180 2012 Tum.
1206 1983 1248 2014 11.
1274 1993 1306 2024 p.
1331 1983 1410 2014 383.
1458 1983 1532 2015 Cfr.
1558 1983 1665 2016 Suhm
1691 1983 1782 2016 nist.
1807 1985 1848 2016 af
1868 1986 2015 2019 Danmk.
2041 1989 2118 2020 vll.
2144 1989 2224 2022 474.

313 2050 442 2099 [289]
500 2050 687 2090 Nicoma
727 2053 910 2105 episcopi
948 2051 1225 2104 W'ibcrgensis
1264 2054 1383 2093 litera¹
1421 2055 1470 2093 ad
1500 2055 1758 2103 S(ven0nern)
1796 2058 1976 2098 ecclesiae
2011 2063 2268 2113 praepositum

48 2121 169 2168 datae,
208 2121 258 2161 de
288 2121 532 2160 fraternitate
562 2121 663 2159 inter
691 2121 906 2160 ecclesiam
936 2121 1199 2162 cathedralem
1236 2123 1522 2176 vibergensem
1554 2129 1594 2164 et
1622 2127 1834 2166 ecclesiam
1863 2127 1901 2166 b.
1932 2128 2040 2168 Petri
2075 2130 2124 2170 de
2155 2130 2267 2170 Grin-

49 2191 162 2230 desle
191 2192 301 2230 inita.
332 2212 381 2218 -
412 2190 554 2229 Indict.
585 2190 656 2229 lx.
687 2206 864 2230 concurr.
894 2190 961 2229 IV.
993 2197 1120 2244 epact.
1151 2192 1236 2232 Vll.

443 2261 631 2294 Tborkelin
656 2261 803 2304 Diplom.
829 2264 1064 2303 Arna-Magn.
1090 2264 1116 2295 1.
1142 2275 1172 2305 p.
1197 2262 1254 2295 39.

311 2335 441 2383 [290]
499 2334 608 2374 Petri
639 2334 797 2374 abbatis
828 2335 870 2372 S.
900 2335 1074 2387 Remigii
1105 2336 1154 2374 ad
1183 2336 1398 2375 Εεκιιιωι
1429 2336 1773 2391 archiepiscopum
1803 2339 2059 2380 Lundensem
2081 2343 2265 2394 epistola,

48 2405 114 2445 ubi
152 2404 201 2444 de
231 2404 434 2457 naufragio
479 2404 795 2458 archiepiscopi,
840 2404 946 2458 quod
982 2404 1190 2457 Crispinus
1227 2420 1275 2444 ex
1311 2407 1450 2445 itinere
1489 2409 1789 2460 septentrionali
1826 2410 1948 2449 redux
1987 2412 2023 2450 ei
2061 2413 2263 2459 retulerat,

48 2475 231 2515 nonnulla
261 2474 424 2522 scribit,
454 2479 494 2514 et
524 2474 629 2528 quod
658 2479 769 2514 tutus
799 2475 995 2521 evaserit,
1026 2475 1252 2526 gratulatur.
1284 2497 1331 2502 -—-
1365 2476 1460 2514 Sine
1489 2490 1604 2515 anno.

443 2544 538 2577 Petri
563 2545 737 2578 Cellensis
764 2545 876 2588 epistt.
902 2544 998 2577 Libr.
1022 2546 1101 2577 ΥΠ.
1136 2555 1186 2587 cp.
1206 2546 1308 2577 XIII.
1341 2556 1372 2588 p.
1406 2545 1601 2578 299-300.
1636 2557 1689 2590 ap.
1722 2548 1893 2582 sirmond.
1928 2551 2049 2594 Operr.
2075 2553 2170 2585 Tom.
2202 2554 2263 2586 111.

443 2606 636 2640 1220—21.
692 2610 820 2649 Magna
852 2606 938 2638 Bibl.
965 2606 1105 2638 Patrum
1139 2605 1200 2648 (de
1223 2606 1256 2638 la
1279 2606 1406 2648 Bigne,
1433 2607 1485 2639 ed.
1511 2608 1629 2640 Colon.
1655 2609 1774 2652 Agrip.
1803 2611 1911 2654 1618,
1943 2613 2042 2656 Fol.)
2075 2615 2157 2646 Tom
2182 2615 2262 2647 XII.

441 2679 473 2711 p.
509 2668 588 2700 598.
644 2669 823 2710 Liljegrcn
857 2668 1083 2711 Diplomatar.
1116 2670 1257 2701 Svecan.
1290 2668 1317 2700 1.
1350 2678 1405 2700 no.
1439 2668 1495 2701 47.
1530 2680 1562 2712 p.
1587 2670 1644 2703 68.
1702 2671 1776 2704 Cfr.
1802 2673 1906 2705 Suhm
1933 2674 2026 2707 nist.
2051 2675 2093 2707 af
2111 2676 2261 2708 Dnnmk.

439 2730 520 2762 Vll.
545 2730 614 2762 456
639 2734 707 2763 not.
734 2741 765 2763 a..

307 2802 437 2850 [291]
494 2801 604 2842 Petri
633 2803 791 2843 abbatis
822 2804 864 2842 S.
895 2803 1068 2854 Remigii
1099 2800 1147 2839 ad
1177 2800 1399 2841 Esxluaetu
1429 2801 1683 2843 Londensem
1708 2805 2051 2861 archiepiscopum
2075 2809 2260 2861 epistola,

42 2868 110 2910 ubi
141 2870 272 2918 refert,
301 2866 347 2911 se
377 2873 553 2911 nuntium
584 2874 763 2920 misisse,
795 2874 861 2926 qui
892 2873 940 2911 de
970 2876 1076 2911 statu
1105 2872 1193 2922 ejus
1218 2875 1323 2909 certa
1351 2876 1660 2924 percontaretur,
1690 2876 1918 2927 “quomodo
1947 2880 2156 2918 tentaverit
2185 2894 2260 2918 vos

43 2944 84 2980 et
111 2941 338 2993 probaverit
365 2941 551 2981 dominus
581 2947 659 2982 tam
690 2944 729 2982 in
758 2945 856 2982 mari
887 2956 1001 2996 quam
1032 2943 1068 2979 in
1100 2940 1248 2987 terra'';
1292 2941 1541 2981 commendat
1576 2944 1612 2981 ei
1650 2947 1839 2997 praeterea
1878 2945 2103 3000 Crispinum
2141 2962 2257 2988 suum

44 3013 85 3048 et
112 3011 232 3050 tilium
260 3010 428 3051 Joannis
457 3011 701 3064 Burgensis,
732 3017 771 3052 et
801 3026 940 3051 omnes
970 3025 1070 3065 quos
1097 3024 1231 3049 secum
1263 3009 1438 3050 duxerat.
1469 3034 1517 3039 —
1549 3012 1646 3052 Sine
1675 3027 1791 3053 anno.

436 3081 529 3114 Petri
556 3082 725 3116 Cellensis
752 3082 906 3126 epistolae
931 3082 1025 3114 Libr.
1058 3081 1135 3113 ΥΠ.
1169 3090 1218 3122 ep.
1254 3081 1314 3113 vl.
1347 3091 1380 3123 p.
1415 3081 1587 3115 290—92.
1621 3093 1673 3126 ap.
1706 3085 1877 3118 Sirmond.
1909 3086 2031 3129 Operr.
2065 3089 2161 3120 Tum.
2194 3090 2255 3123 III.

440 3143 630 3176 1213—14.
685 3146 814 3185 Mag-na
838 3143 997 3176 Biblioth.
1023 3143 1158 3174 Patrum
1184 3140 1244 3183 (de
1268 3140 1301 3173 la
1324 3142 1451 3185 Bigne,
1484 3143 1536 3176 ed.
1563 3144 1684 3177 Colon.
1715 3146 1856 3190 Agripp.
1886 3147 1994 3189 1618,
2024 3149 2121 3193 Ful.)
2158 3153 2255 3185 Tom.

433 3205 513 3237 XII.
541 3216 572 3248 p.
599 3205 770 3238 596—97.
828 3204 1007 3246 Liljegren
1031 3203 1254 3247 Diplomatar.
1280 3204 1421 3237 Svecan.
1446 3205 1474 3238 Ι.
1499 3215 1553 3239 no.
1578 3205 1635 3238 46.
1667 3217 1699 3250 p.
1724 3207 1874 3242 67—68.
1932 3210 2006 3243 Csr.
2032 3211 2138 3244 Suhm
2164 3212 2255 3246 Hist.

437 3267 480 3299 af
498 3267 643 3299 Danmk.
670 3267 748 3301 ΥΠ.
773 3265 853 3299 456.
878 3268 948 3299 not.
974 3276 1005 3299 a.

1888 3331 1956 3370 77.

2355 350 2472 390 1176.

2332 418 2366 450 6.
2391 420 2486 452 sum.
