2649 3686
389 141 576 193 XVIII
1243 142 1566 190 Praefatio.

326 288 471 335 ordine
508 285 701 345 deinceps
736 286 1032 328 recenseantur
1066 277 1293 323 secundum
1330 277 1482 334 fastos,
1527 273 1680 336 quibus
1715 289 1825 318 nunc
1858 274 2038 334 utimur,
2075 273 2223 319 diebus
2260 276 2374 320 sestis
2412 291 2538 323 sanc-
2570 280 2574 284 ’
2610 291 2612 295 ’

324 386 563 437 torumque,
602 373 671 434 qui
706 373 745 416 in
781 370 924 415 litteris
962 368 1057 428 ipsis
1093 367 1214 427 positi
1252 372 1362 424 sunt,
1400 364 1451 409 ad
1487 370 1652 408 nostros
1680 377 1846 407 menses
1877 361 2051 423 diesque
2077 364 2354 424 computando
2379 366 2536 412 relatis.

326 469 431 522 Quae
478 464 702 525 diplomata
746 461 862 505 aliam
906 457 1058 501 habent
1103 456 1198 499 anni
1242 453 1485 499 numerandi
1531 453 1760 511 rationem,
1815 467 1862 496 ac
1904 467 1985 512 qua
2019 465 2129 494 nunc
2163 451 2340 512 utimur,
2394 455 2537 500 autin

325 556 476 619 quibus
525 551 620 597 anni
663 549 820 593 initium
866 546 915 591 ab
961 544 1038 588 alio
1085 543 1150 588 die
1194 558 1271 588 nec
1315 559 1337 587 a
1370 541 1570 588 Kalendis
1605 541 1811 586 Januariis
1859 540 2053 599 ducitur,
2108 541 2220 585 velut
2255 557 2277 585 a
2316 541 2381 586 die
2417 544 2537 590 natali

325 644 500 701 Christi,
554 657 576 685 a
621 638 835 699 paschate,
889 651 911 679 a
947 632 1011 678 die
1048 632 1147 678 25ῐ0
1177 631 1340 690 Martii,
1394 631 1551 692 ubique
1588 647 1683 676 eum
1720 631 1856 675 locum
1892 635 2037 674 tenent
2072 629 2195 697 eique
2233 645 2340 675 anno
2377 637 2420 676 et
2457 631 2538 678 diei
2588 696 2591 697 ⁷
2648 655 2649 680 ς

324 732 635 785 adscribuntur,
690 740 813 786 quein
856 722 1054 782 temporis
1101 729 1199 767 nota
1242 737 1335 766 cum
1370 727 1512 766 nostra
1545 719 1708 764 ratione
1746 719 1982 781 nostrisque
2018 718 2132 763 fastis
2168 734 2265 763 vere
2301 728 2538 781 comparata

324 822 518 881 assignat.
586 816 711 861 Velut
746 814 809 857 lex
848 808 1110 873 (statutum)
1148 811 1297 856 Canuti
1331 812 1391 856 VI
1424 811 1535 870 regis
1573 809 1624 854 de
1662 808 1898 867 homicidiO,
1936 824 2029 870 quae
2065 808 2132 853 die
2168 808 2323 854 28ῃίιιιιω
2348 811 2538 855 Decem-

322 910 407 958 bris
450 906 517 969 (Υ
553 905 639 950 Cal.
676 899 801 962 Jan.)
847 916 884 944 a.
929 899 1048 945 1201
1096 915 1180 960 prae
1225 916 1269 945 se
1315 900 1426 960 sert,
1479 899 1545 943 hic
1580 895 1652 960 [n.
1689 895 1816 960 502)
1854 897 1905 942 ad
1941 913 2094 942 annum
2136 897 2260 944 1200
2294 899 2424 943 relata
2459 907 2537 960 est,
2576 905 2580 910 “

324 1000 433 1062 quia.
471 1009 599 1056 quum
635 992 702 1035 illo
738 998 927 1050 tempore
964 1005 1117 1034 annum
1153 1005 1175 1034 a
1212 988 1278 1034 die
1314 988 1413 1034 25ῐο
1443 988 1694 1034 Decembris
1730 987 1976 1047 inciperent,
2015 988 2081 1032 lex
2117 987 2182 1032 illa
2209 994 2350 1032 nostra
2376 989 2538 1035 ratione

323 1089 374 1134 ad
402 1102 446 1140 a.
482 1082 604 1129 1200
639 1080 831 1141 pertinet,
869 1085 916 1123 ut
946 1078 1033 1138 jam
1070 1078 1267 1124 Suhmius
1304 1078 1536 1139 suspicatus
1574 1085 1652 1122 est.
1722 1076 1972 1137 Eodemque
2007 1076 2133 1121 modo
2170 1077 2317 1121 litterae
2354 1078 2536 1139 papales,

322 1190 495 1239 quarum
539 1185 666 1214 annus
712 1175 784 1212 aut
826 1167 878 1212 ad
912 1168 1195 1213 Florentinam
1239 1174 1312 1212 aut.
1347 1167 1399 1212 ad
1433 1168 1622 1212 Pisanam
1658 1167 1863 1212 rationem
1898 1173 2067 1211 notatur
2103 1164 2229 1228 (anni
2264 1166 2377 1211 initio
2414 1166 2538 1213 ducto

321 1282 344 1311 a
379 1264 443 1309 die
480 1259 576 1305 25(ο
622 1257 782 1315 Martii,
836 1263 884 1301 ut
918 1264 988 1302 aut
1021 1273 1171 1302 novem
1205 1257 1294 1302 sere
1331 1257 1545 1302 mensibus
1581 1264 1767 1302 nostram
1802 1257 2008 1301 rationem
2046 1256 2265 1301 antecedat
2299 1263 2372 1302 aut
2406 1257 2537 1303 tribus

320 1345 656 1412 subsequatur),
694 1346 745 1391 ad
782 1362 878 1392 eum
912 1354 1065 1392 nostrae
1099 1347 1270 1392 rationis
1308 1338 1457 1392 annum
1493 1348 1637 1392 relatae
1674 1353 1791 1406 sunt,
1837 1346 1877 1390 in
1915 1361 2039 1407 quem
2076 1345 2275 1390 incidunt.

575 1437 846 1497 Diplomata,
901 1453 994 1499 quae
1031 1437 1124 1482 anni
1160 1444 1302 1482 notam
1338 1437 1517 1495 habent,
1573 1435 1654 1481 diei
1690 1443 1864 1495 carent,
1918 1441 1989 1480 aut
2025 1434 2077 1479 ad
2114 1435 2239 1480 finem
2275 1436 2369 1480 anni
2404 1436 2537 1497 posita

317 1536 412 1577 sunt
447 1534 517 1574 aut
553 1526 589 1572 ei
624 1527 757 1571 mensi
792 1525 924 1571 dieive
959 1526 1162 1586 subjecti,
1210 1526 1262 1571 ad
1298 1542 1425 1588 quem
1460 1526 1631 1570 internis
1669 1525 1825 1570 indiciis
1861 1524 2008 1570 referri
2044 1530 2267 1584 poterant,
2313 1525 2538 1586 similisque

315 1621 420 1666 ratio
455 1620 495 1663 in
531 1618 579 1662 iis
616 1617 760 1661 litteris
797 1623 980 1676 servata,
1018 1632 1111 1678 quae
1146 1631 1285 1677 neque
1323 1631 1476 1660 annum
1514 1631 1650 1676 neque
1687 1615 1796 1659 diem
1838 1615 1939 1675 ipsae
1976 1614 2226 1675 exprimunt.
2296 1614 2380 1661 Ubi
2406 1629 2536 1659 annus

315 1711 464 1757 talibus
500 1706 657 1752 indiciis
693 1722 768 1768 pro
806 1713 920 1751 certo
957 1705 1120 1750 definiri
1154 1705 1376 1767 nequibat,
1414 1706 1663 1766 plerumque
1699 1704 1955 1765 Langobekii
1993 1711 2063 1748 aut
2092 1704 2250 1749 Suhmii
2288 1703 2536 1763 conjecturis

316 1817 398 1847 non
433 1776 776 1859 improbabilibus
814 1796 1149 1857 obtemperatum
1187 1802 1272 1854 est,
1316 1795 1430 1840 velut
1463 1795 1504 1838 in
1541 1794 1723 1854 epistolis
1761 1794 1956 1839 vilhelmi
1992 1793 2176 1852 abbatis,
2228 1810 2405 1855 quarum
2440 1794 2537 1855 ple-

314 1905 456 1951 raeque
493 1887 585 1932 anni
620 1892 718 1930 nota
754 1893 908 1931 carent.
998 1886 1104 1939 Quae
1140 1885 1364 1946 diplomata
1400 1884 1494 1928 anni
1529 1890 1625 1928 nota
1662 1884 1843 1929 carentia
1880 1882 2063 1929 nondum
2100 1883 2151 1928 ab
2189 1883 2274 1928 aliis
2311 1883 2363 1942 ad
2398 1890 2535 1928 certos

316 1995 445 2025 annos
480 1978 610 2022 relata
647 1981 779 2034 erant,
816 1975 857 2019 in
892 1975 1069 2035 regestis
1107 1975 1141 2020 ei
1179 1990 1286 2020 anno
1323 1973 1511 2033 subjecta
1549 1980 1660 2033 sunt,
1697 1973 1749 2018 ad
1784 1989 1908 2035 quem
1944 1974 2124 2034 primum
2159 1974 2307 2018 referri
2344 1979 2535 2034 possunt.

316 2070 445 2116 Velut
495 2067 673 2127 diploma
718 2064 984 2124 Skelmonis,
1040 2064 1159 2109 electi
1202 2064 1471 2109 Arliusiensis
1517 2061 1590 2126 (n.
1637 2060 1764 2124 541]
1808 2061 1858 2107 ad
1904 2078 2033 2108 annos
2077 2080 2098 2108 a
2147 2061 2272 2109 1204
2313 2063 2364 2108 ad
2414 2061 2537 2109 1207

316 2159 494 2204 relatum
531 2162 608 2213 est.
646 2155 856 2216 quoniam,
894 2154 964 2216 qui
1000 2162 1093 2198 ante
1131 2153 1399 2199 Skelmonem
1431 2153 1575 2198 sedem
1602 2152 1906 2197 Arhusiensem
1938 2153 2088 2211 tenuit,
2123 2169 2160 2197 a.
2194 2151 2320 2199 1204
2345 2159 2536 2198 mortuus

318 2254 396 2306 est,
434 2247 604 2291 Skelmo
640 2252 780 2289 autem
814 2244 901 2305 ipse
938 2260 974 2289 a.
1016 2244 1139 2290 1207
1167 2259 1196 2288 -a
1235 2258 1338 2304 papa
1367 2243 1587 2304 episcopus
1617 2242 1886 2287 confirmatus
1916 2242 2036 2287 electi
2065 2258 2218 2287 nomen
2246 2242 2375 2302 exuit,
2411 2248 2537 2304 atque

317 2337 394 2382 hac
429 2335 479 2380 de
517 2350 638 2380 causa
674 2334 818 2379 litteris
855 2350 892 2379 a.
933 2331 1058 2379 1204
1092 2333 1277 2394 proxime
1313 2332 1564 2392 subjectum.

577 2425 624 2468 In
660 2424 852 2485 epitomis
888 2422 1152 2468 conficiendis
1191 2422 1285 2467 data
1321 2438 1448 2483 opera
1485 2428 1562 2481 est,
1598 2427 1645 2466 ut
1680 2421 1787 2465 inter
1820 2421 1988 2465 nimiam
2025 2421 2187 2482 copiam
2221 2428 2264 2466 et
2289 2420 2536 2465 brevitatem

319 2514 453 2560 media
497 2513 688 2574 quaedam
732 2519 948 2558 teneretur
988 2512 1066 2557 via.
1153 2514 1301 2574 Itaque
1336 2519 1378 2557 et
1413 2526 1574 2556 summa
1609 2510 1671 2555 rei
1707 2517 1915 2572 caputque
1953 2510 2187 2571 argumenti
2222 2525 2389 2570 semper
2423 2510 2535 2554 indi-

321 2611 436 2648 catur
480 2609 521 2647 et
562 2603 727 2646 nomina
772 2603 986 2647 hominum
1032 2602 1306 2663 locorumque
1341 2600 1654 2659 memorabilia3
1707 2600 1890 2659 minora,
1943 2616 2036 2661 quae
2075 2598 2127 2644 ad
2162 2599 2293 2659 ipsam
2330 2614 2535 2644 summam
2596 2656 2626 2667 Ι.

321 2693 381 2736 rei
417 2691 720 2751 significandam
757 2692 853 2737 niliil
888 2690 1170 2753 pertinebant,
1208 2691 1376 2736 omissa.
1446 2691 1512 2734 De
1549 2689 1753 2734 sermonis
1781 2689 1926 2734 Danici
1952 2688 2172 2749 Latinique
2209 2687 2373 2733 delectu
2410 2704 2534 2750 supra

324 2780 476 2824 dictum
519 2786 609 2836 cst,
663 2796 841 2841 quorum
883 2780 1152 2842 diplomatum
1196 2786 1442 2841 argumenta
1476 2779 1635 2823 Danice
1676 2778 1933 2838 indicantur,
1986 2778 2074 2838 ipsa
2109 2783 2249 2821 autem
2283 2778 2361 2822 alia
2395 2778 2533 2838 lingua

327 2867 474 2928 scripta
510 2875 618 2925 sunt,
655 2868 693 2912 in
729 2869 775 2913 iis
811 2870 1047 2929 singulatim
1084 2869 1321 2928 adnotatur,
1358 2884 1438 2931 qua
1474 2867 1673 2930 quodque
1708 2867 1850 2927 lingua
1885 2867 2085 2928 scriptum
2121 2866 2188 2924 sit,
2224 2873 2293 2923 ut,
2330 2867 2401 2912 ubi
2436 2866 2534 2911 nihil

329 2955 570 3013 adnotatur.
624 2956 871 3018 diplomata,
915 2975 1093 3021 quorum
1129 2958 1384 3019 argumenta'
1407 2957 1565 3003 Danice
1602 2957 1856 3017 indicentur,
1901 2955 2025 3001 etiam
2059 2956 2218 3002 Danice
2254 2947 2414 3017 scripta*
2441 2970 2534 3000 esse

326 3044 493 3103 intelligi
529 3051 728 3103 oporteat.
