2649 3686
149 300 264 341 1327.

79 371 135 403 30.
170 372 310 403 Januar.

125 784 158 832 2.
183 799 285 831 Febr.

108 1075 163 1106 21.
198 1074 298 1106 Febr.

111 1344 166 1376 24.
191 1343 292 1376 Febr.

109 1538 140 1570 5.
166 1535 295 1569 Martii.

100 1816 132 1848 9.
158 1815 290 1849 Martii.

94 2076 144 2108 10.
169 2074 299 2108 Martii.

96 2411 146 2443 12.
172 2411 298 2444 Martii.

95 2681 149 2713 23.
174 2682 302 2714 Martii.

93 2950 148 2982 26.
182 2949 307 2982 Martii.

103 3154 136 3185 ἴ).
161 3152 303 3195 Aprilis.

333 129 434 179 242
690 129 844 178 Kosa
880 126 1221 178 Cnmsrorm-:R
1256 138 1352 172 DEN
1386 120 1589 169 ANDEN.
1618 165 1623 169 ,
1661 120 1986 185 [VALDEMAR
2022 120 2295 184 Enlxsnx).

427 339 451 371 ο
1359 290 1506 340 1327.

530 391 537 396 ’
599 384 754 433 [2013]
811 382 1147 422 ΗΝινΕιιειτΑτιε
1183 375 1464 414 PAmsmNsm
1501 371 1552 411 ad
1587 371 1695 424 Mag.
1732 370 1897 410 Petrum
1942 371 1991 410 de
2030 370 2174 418 Dacia,
2218 374 2459 430 canonicum·
2483 375 2549 415 Ri-

335 467 518 507 pensem,
561 453 770 493 Rectorem
801 453 950 504 ipsius,
994 450 1134 492 literae,
1178 443 1322 498 quibus
1360 454 1450 481 eum
1485 442 1637 480 ratione
1674 441 1826 485 damni,
1871 440 1979 493 quod
2015 442 2226 481 occasione
2261 446 2551 495 prosecutionis

337 524 584 576 negotiorum
613 522 881 562 universitatis
917 519 1015 558 sorte
1045 517 1267 559 incurreret,
1296 511 1516 550 indemnem
1545 514 1732 563 praestare
1761 511 1965 564 promittit.
1993 533 2043 539 —
2069 511 2210 557 Paris,
2239 513 2343 565 apud
2371 518 2548 554 sanctum

335 593 597 639 Matutinum,
628 592 690 631 die
719 591 822 629 30111ο
852 587 997 628 mensis
1021 585 1215 629 Januarii,
1245 581 1430 621 videlicet
1459 579 1521 620 die
1549 580 1720 619 Veneris
1750 584 1840 620 ante
1870 580 2017 620 festum
2045 582 2329 635 purificationis
2358 583 2395 622 b.
2418 583 2552 624 Mariae

336 663 518 714 virginis,
548 676 648 702 anno
681 659 797 699 1326.
2536 651 2539 656 ’

727 730 901 771 Terpager
924 723 1017 767 Ripae
1044 722 1170 755 Cimbr.
1196 731 1227 763 p.
1258 720 1333 753 147.

595 790 751 839 [2014]
809 788 968 831 Literna,
999 783 1143 837 quibus
1172 782 1425 828 JOHANNES,
1455 795 1590 822 comes
1619 781 1827 821 Holtzatiae
1857 785 1898 821 et
1925 782 2171 829 Stormariae,
2202 797 2437 825 TERRARUM
2466 785 2546 825 La.

334 875 523 908 LAxmAE,
552 860 794 903 FALsrmffin
825 855 1089 901 Ymnmfflqun
1117 864 1324 898 nommm,
1356 854 1502 892 curiam
1530 850 1811 892 Bredenberch
1840 865 1864 891 a
1892 866 2018 892 censu
2043 852 2291 894 Grevenscat
2319 853 2469 894 liberat.
2501 877 2550 885 -·

335 932 499 977 Plonce,
530 932 566 969 in
595 929 698 968 festo
727 924 1008 980 purificationis
1038 922 1076 961 b.
1106 922 1240 961 Mariae
1269 923 1444 974 virginis.

721 994 950 1038 Westphalen
975 995 1127 1025 Monum.
1153 991 1241 1024 ined.
1267 994 1311 1025 II.
1336 991 1393 1025 98.

594 1058 748 1107 [2015]
804 1055 1078 1094 ΣῩΑΙΦΕΜΔΜ
1109 1052 1310 1092 Danorum
1340 1053 1655 1107 Sclavorumque
1693 1054 1802 1105 regis
1831 1052 1951 1093 iiterae
1981 1055 2227 1107 protectoriae
2261 1059 2300 1095 et
2329 1055 2552 1109 privilegia,

336 1131 467 1171 domui
495 1129 680 1182 hospitali
709 1126 836 1166 sancti
864 1124 1017 1164 Nicolai
1047 1124 1294 1176 leprosorum
1324 1124 1361 1162 in
1391 1123 1625 1176 Kalunburg
1655 1123 1748 1163 data
1777 1127 1816 1164 et
1845 1138 2052 1164 concessa.
2087 1147 2141 1154 —
2176 1124 2471 1178 Kalunbuqu,
2513 1127 2552 1166 in

332 1201 509 1254 profesto
537 1198 642 1238 beati
671 1197 779 1237 Petri
808 1195 857 1235 ad
887 1194 1125 1233 cathedram.

720 1267 870 1299 Hofman
894 1264 1127 1297 Fundationer
1149 1265 1196 1296 X.
1225 1263 1301 1297 175.

590 1327 744 1376 [2016.]
804 1325 1030 1365 Tucnoms
1061 1326 1236 1379 episcopi
1265 1325 1546 1378 wibergensis
1577 1325 1719 1374 literae,
1764 1326 1911 1381 quibus
1940 1326 2145 1381 privilegia
2182 1327 2405 1375 confirmat,
2449 1329 2551 1382 capi·

328 1401 410 1440 tulo
439 1398 690 1450 WVibergensi
720 1400 831 1436 antea
862 1410 1067 1435 concessa.
1098 1418 1147 1425 —
1178 1395 1255 1434 Die
1284 1395 1323 1434 b.
1352 1396 1532 1435 Matthiae
1562 1399 1747 1451 apostoli.

718 1465 953 1510 Pontoppidan
976 1465 1117 1498 Annali.
1144 1465 1226 1499 eccl.
1250 1467 1339 1498 Dan.
1365 1467 1410 1499 11.
1439 1466 1516 1500 133.

587 1528 742 1578 [2017.]
800 1528 943 1567 Literae
972 1527 1205 1566 Bsso'rnfflu
1235 1527 1411 1574 diaconi,
1441 1528 1618 1568 canonici
1648 1529 1905 1575 Arusiensis,
1937 1527 2083 1582 quibus
2106 1542 2252 1568 mensae
2276 1530 2548 1570 canonicorum

327 1601 600 1641 Arusiensium
629 1598 851 1651 complures
881 1598 948 1637 dat
975 1599 1278 1650 possessiones,
1307 1599 1658 1652 auctoritatemque
1688 1613 1759 1638 eas
1788 1601 1969 1638 scotandi
1993 1600 2199 1637 committit
2221 1599 2406 1646 Henrico,
2437 1614 2550 1640 cano-
2579 1635 2584 1638 ,

327 1672 415 1710 nico
445 1670 663 1710 Arusiensi.
695 1691 744 1697 —
778 1668 925 1718 Quinta
957 1668 1050 1707 feria
1079 1669 1257 1720 proxima
1286 1672 1497 1721 antequam
1524 1673 1703 1709 cantatur
1731 1669 2017 1709 Reminiscere.

718 1739 904 1780 Langebek
929 1737 1068 1781 Scriptt.
1094 1739 1154 1771 VI.
1181 1738 1354 1771 446—47.

588 1800 743 1849 [2018.]
801 1800 943 1840 Literae
973 1800 1281 1846 testimoniales,
1311 1799 1492 1839 Pam-num
1523 1813 1825 1847 sAcnnno'rEM,
1856 1813 2018 1840 DICTUM
2051 1800 2280 1848 Suc-xum,
2319 1816 2434 1841 omne
2458 1803 2552 1855 jus,

328 1871 433 1924 quod
463 1869 653 1910 habuerat
689 1871 725 1909 in
763 1869 998 1923 quibusdam
1035 1869 1151 1908 honis
1187 1870 1222 1908 in
1254 1870 1390 1922 Bryyn
1422 1874 1460 1910 et
1487 1870 1725 1923 Torpmark,
1757 1871 1793 1910 in
1824 1885 1968 1910 manus
1999 1873 2227 1923 resignasse
2257 1872 2440 1912 Brotheri
2471 1873 2548 1912 dia-

327 1941 426 1987 coni,
444 1940 618 1980 canonici
627 1941 874 1980 Arusiensis.
902 1962 944 1969 —
967 1940 1014 1980 In
1030 1941 1190 1993 placito
1210 1939 1556 1993 Smcqbrolterrit,
1574 1940 1667 1980 seria
1684 1941 1858 1981 secunda
1875 1955 1984 1995 prox.
2001 1946 2095 1994 post
2112 1942 2549 1983 domin.Reminiscere.

520 2013 526 2017 “
718 2010 904 2053 Langebek
932 2010 1070 2054 Scriptt.
1096 2011 1160 2043 VI.
1185 2010 1264 2042 448.

588 2072 742 2121 [2019]
801 2072 958 2111 Ludolfi
989 2072 1038 2113 de
1067 2072 1231 2118 Bulow,
1261 2071 1524 2110 archidiaconi
1562 2075 1673 2112 terrae
1705 2071 1920 2121 Tribuses,
1958 2073 2006 2111 ad
2037 2072 2258 2112 Johannem
2287 2073 2548 2127 archiepisco-

326 2156 419 2196 pum
449 2142 703 2181 Bremensem
743 2143 911 2195 epistola
950 2143 998 2182 de
1028 2142 1292 2195 appellatione
1322 2142 1490 2181 Conradi
1523 2141 1635 2189 Albi,
1679 2143 1870 2196 capellani
1901 2143 2093 2183 Gerhardi
2133 2144 2290 2183 comitis
2320 2144 2546 2191 Holtzatiae,

327 2213 547 2252 Stormariae
578 2216 616 2251 et
645 2225 828 2251 TUTORls
860 2225 992 2252 nsum
1023 2212 1200 2258 DANJAE,
1245 2212 1294 2250 ad
1325 2210 1667 2265 archiepiscopum
1697 2213 1733 2251 in
1765 2226 1885 2251 causa
1910 2213 2109 2252 Sunclensi
2139 2218 2242 2264 (cum
2275 2214 2472 2254 Ludolfus
2502 2215 2550 2254 de

325 2282 465 2321 Bulow
482 2282 638 2322 fratrem
655 2296 770 2321 suum
782 2282 994 2321 Henricum
1011 2270 1178 2321 ecclesia
1190 2282 1389 2321 Sundensi
1407 2283 1727 2333 investierat).-—-
1739 2282 1908 2332 Sandis,
1928 2283 2021 2322 seria
2038 2284 2150 2323 tertia
2161 2284 2547 2337 postReminiscere.

720 2352 891 2386 Schroder
914 2352 1049 2395 Papist.
1075 2351 1248 2384 Meklenb.
1276 2353 1372 2384 Tom.
1398 2353 1442 2384 11.
1469 2363 1500 2395 p.
1525 2352 1721 2385 3026—30.

586 2412 741 2462 [2020]
800 2414 943 2454 Literae
973 2413 1279 2459 testimoniales,
1311 2413 1490 2452 Pte-runai
1521 2427 1817 2460 sammon-m,
1856 2427 2015 2453 merim
2045 2414 2275 2461 STAGNUu,
2312 2416 2480 2468 priorem
2509 2417 2549 2455 in

325 2480 492 2527 Dalum,
531 2496 643 2521 omne
669 2484 762 2536 jus,
801 2485 905 2536 quod
936 2486 973 2523 in
1006 2482 1242 2537 quibusdam
1272 2482 1389 2522 bonis
1421 2483 1632 2530 habuerat,
1658 2484 1854 2524 Brothero
1884 2483 2066 2529 diacum,
2098 2486 2285 2524 canonico
2316 2486 2548 2532 Arusiensi‚

326 2552 570 2603 resignasse.
601 2574 651 2581 —
682 2553 731 2592 In
756 2555 919 2606 placito
949 2553 1176 2608 Abysysel,
1208 2552 1271 2592 die
1301 2554 1428 2592 sancti
1460 2553 1638 2605 Gregorii
1671 2568 1796 2607 papae.

719 2624 907 2665 Langebek
933 2623 1074 2667 Scriptt.
1099 2624 1162 2655 vl.
1189 2623 1268 2655 Α181.

588 2682 732 2734 [2021.]
788 2685 1029 2732 Joqums,
1076 2686 1256 2738 episcopi
1284 2684 1588 2731 Roskildensis,
1632 2686 1871 2724 confirmatio
1900 2685 2212 2738 privilegiorum,
2252 2687 2424 2740 capitulo
2455 2688 2549 2727 Haf-

329 2750 453 2788 niensi
489 2756 601 2791 antea
638 2766 930 2794 concessorum.
960 2778 1014 2784 -—
1043 2755 1311 2810 Hyortlzolm,
1356 2754 1453 2794 seria
1488 2754 1535 2794 11.
1575 2756 1752 2808 proxima
1783 2758 1872 2795 ante
1903 2755 2048 2794 festum
2077 2757 2392 2797 annunciationis
2422 2757 2545 2798 beatoe

328 2818 459 2857 Mariae
489 2821 659 2872 virginis.
1158 2862 1165 2873 Β

720 2893 951 2935 Pontoppidan
978 2894 1116 2927 Annali.
1148 2894 1231 2928 eccl.
1258 2896 1347 2927 Dan.
1374 2895 1418 2928 11.
1445 2905 1478 2938 p.
1508 2895 1585 2927 134.

591 2950 736 3001 [2022]
795 2954 984 2993 Axonam:
1018 2956 1263 2995 offlppsow
1294 2957 1434 3003 literae,
1465 2956 1610 3009 quibus
1640 2970 1686 2995 se
1710 2955 1757 2994 ad
1784 2955 1913 2994 villam
1939 2955 2286 3011 'Norre-Syfithorp
2307 2959 2549 2998 monasterio

330 3015 560 3057 Esromensi
592 3022 916 3073 appropriandam
948 3025 1106 3076 obligat.
1140 3048 1185 3054 -·
1220 3026 1261 3064 ln
1294 3028 1465 3065 crastino
1496 3026 1808 3065 annunciationis
1837 3026 1997 3076 virginis
2027 3026 2221 3078 gloriosae.

722 3090 904 3130 Langebek
932 3094 1069 3136 Scriptt.
1097 3095 1159 3127 IX.
1256 3120 1264 3129 .
1315 3096 1399 3129 Cod.
1424 3097 1561 3128 Esrom.
1587 3094 1648 3127 fol.
1675 3096 1813 3128 CXLII.

590 3147 744 3196 [2023]
802 3151 942 3191 Literae
961 3154 1238 3195 iVanneuAm
1260 3158 1363 3208 regis
1387 3157 1436 3196 ad
1462 3157 1629 3196 villanos
1653 3158 1689 3195 in
1708 3155 1993 3208 Slanghaetorp,
2025 3170 2072 3195 ne
2095 3156 2236 3197 fratres
2260 3158 2309 3198 de
2333 3158 2547 3200 Ebbleholt

330 3212 601 3255 “libertatibus
625 3218 659 3255 in
687 3219 890 3259 vendendo
917 3222 975 3260 vel
1001 3225 1165 3263 emendo
1190 3227 1225 3263 in
1251 3226 1334 3265 soro
1361 3226 1467 3266 urbis
1492 3225 1741 3279 impediant”.
1765 3248 1818 3254 —
1842 3224 2069 3273 Roslcildis‚
2099 3227 2292 3269 dominica
2317 3230 2546 3283 palmarum.

721 3288 905 3330 Langebek
929 3291 1067 3334 scripte.
1093 3295 1154 3326 VI.
1184 3294 1261 3327 170.
