2649 3686
330 121 429 170 260
1237 117 1608 163 INTERREGNUM.

147 291 267 331 1339:
595 292 742 343 [2169]
801 292 1102 331 Hannmnrtwrr
1140 286 1314 340 episcopi
1344 283 1611 322 Slesvicensis
1647 281 1766 321 literae
1803 282 2094 320 confirniatoriae
2130 295 2250 334 super
2285 282 2453 321 ecclesia
2488 282 2524 321 b.

120 362 153 393 2·
186 361 288 394 Febr·
334 361 466 401 Mariae
509 363 546 400 in
589 362 778 414 Slodorp,
820 360 1034 413 prebendae
1076 358 1227 396 cuidam
1265 353 1442 393 ecclesiae
1471 352 1717 390 Siesvicensi
1759 356 1783 390 a
1820 351 2068 390 waldemaro
2106 350 2205 390 duce
2241 351 2436 405 adjuncta.
2475 375 2523 384 —

337 431 555 477 Sleswiclt,
586 432 672 484 ipso
702 432 763 470 die
791 430 1071 482 purificationis
1100 426 1246 465 Mariae.

722 499 855 543 Cypraei
880 498 1017 531 Annall.
1044 497 1229 538 episcopor.
1255 491 1400 524 Slesvic.
1425 501 1457 533 p.
1481 490 1652 522 3:26—28.
1706 489 1933 532 Westphalen
1958 492 2108 522 Monam.
2134 490 2222 522 ined.
2247 491 2309 523 IV.
2332 490 2434 522 3118.

112 568 145 600 9.
171 567 301 600 Martii.
597 561 748 612 [2170]
806 561 967 605 Literae‚
1008 557 1150 610 quibus
1187 555 1432 593 Lunovrccs
1466 551 1609 600 (IVU'ss)
1646 551 1912 590 Romanorum
1950 552 2162 602 imperator
2200 550 2462 597 Theodorico
2481 551 2530 592 de

334 632 585 684 Aldenburg,
629 631 774 669 ordinis
811 628 1045 667 Theutonici
1075 625 1282 676 magistro,
1325 621 1501 666 mandat,
1543 624 1588 658 ut
1617 620 1816 659 dioecesin
1848 624 1887 659 et
1917 621 2111 659 civitatem
2140 620 2300 659 Revelae
2327 625 2365 659 et
2393 624 2531 661 terram

336 702 538 747 Estlandt‚
582 700 734 739 nomine
778 697 1012 736 Woldeniari
1054 696 1176 746 regis,
1220 692 1376 731 invadat
1417 694 1457 729 et
1498 693 1679 742 occupet.
1723 712 1772 718 —
1816 690 2163 742 Francltenfurtz',
2205 690 2301 730 feria
2337 689 2406 729 Ill.
2442 695 2530 731 ante

336 773 494 818 Judica,
525 771 631 822 regni
661 782 760 806 anno
791 766 924 806 XXV.
955 766 1100 816 imperii
1129 762 1216 802 XII.

721 837 825 868 Suhm
851 835 940 867 Hist.
967 835 1006 866 af
1029 835 1171 865 Danmk.
1198 833 1276 865 XII.
1301 830 1380 863 409.

113 905 145 938 9.
171 905 298 939 Martii.
595 897 746 949 [2171]
805 897 1006 935 Lvnovlci
1051 893 1164 944 (lvti)
1206 892 1450 945 imperatoriS
1480 891 1529 929 ad
1558 892 1788 943 magistrum
1819 891 2038 943 generalem
2068 892 2215 931 ordinis
2245 892 2404 931 fratrum
2433 891 2532 931 Teu·

334 970 548 1010 tonIcorum
578 969 613 1005 in
644 967 826 1011 Livonia,
858 964 1145 1003 Theodoricum
1176 962 1223 1001 de
1251 960 1499 1012 Aldenburg,
1530 961 1669 1008 literae,
1701 961 1845 1014 quibus
1869 961 2004 1015 jubet,
2034 966 2077 1000 ut
2104 962 2370 1009 Estlandiam‚
2400 962 2437 1001 51
2465 975 2532 1014 per

337 1041 464 1093 ipsum
494 1042 562 1077 aut
592 1036 804 1076 confratres
835 1038 946 1086 capta
977 1033 1107 1079 suerit,
1138 1033 1277 1070 nemini
1307 1031 1383 1070 nisi
1411 1032 1491 1082 regi
1522 1030 1802 1071 WoLnEMAiio
1835 1035 1873 1070 et
1901 1031 2113 1071 marchioni
2143 1031 2532 1083 Brandenburgensi,

334 1110 394 1147 cui
439 1109 512 1148 sub
555 1107 705 1145 nomine
749 1104 853 1142 dotis
897 1103 1083 1156 deputata
1125 1103 1197 1146 sit,
1241 1101 1381 1140 tradat.
1420 1123 1469 1129 —
1507 1100 1832 1152 Franckenfurt,
1887 1102 1981 1141 feria
2026 1103 2137 1141 tertia
2180 1106 2269 1142 ante
2306 1103 2534 1142 dominicam

333 1178 492 1224 Judica‚
522 1177 625 1227 regni
655 1188 754 1213 anno
784 1173 970 1211 vicesimo
1001 1174 1149 1224 quinto,
1180 1172 1330 1223 imperii
1361 1185 1452 1210 vero
1483 1171 1727 1210 duodecinm.

719 1243 821 1275 Suhm
848 1242 937 1274 Hist.
963 1243 1002 1274 af
1022 1242 1169 1274 Danmk.
1193 1242 1273 1274 XII.
1298 1240 1470 1274 409—10.
1529 1242 1677 1274 Braudis
1702 1242 1923 1276 Collectanea
1949 1243 2002 1275 ed.
2028 1242 2186 1275 Paucker
2209 1241 2447 1286 (Monumenta
2470 1241 2534 1276 Li-

719 1304 825 1337 voniae
850 1304 992 1347 antiquae
1016 1302 1096 1346 ΙΙΙ.)
1122 1314 1153 1345 p.
1178 1303 1326 1336 27—28.

133 1373 159 1404 1.
186 1371 281 1412 Maji.
593 1365 741 1417 [2172]
799 1365 971 1411 Mmm,
1002 1365 1174 1410 Sveeiae,
1205 1365 1411 1417 Norvegiae
1442 1368 1480 1404 et
1509 1365 1660 1404 Scaniae
1690 1366 1816 1417 regis,
1846 1366 1983 1412 literae,
2015 1365 2159 1418 quibus
2187 1365 2389 1418 privilegia
2417 1365 2534 1406 Stral-

331 1437 588 1476 sundensium
616 1437 650 1474 in
683 1436 862 1474 nundinis
892 1434 1298 1474 Falsterbodensibus
1328 1435 1546 1481 confirmat,
1577 1449 1664 1474 cum
1695 1449 1764 1488 pro
1796 1436 2033 1475 excessibus
2064 1440 2102 1475 et
2132 1436 2325 1475 violentiis
2355 1435 2407 1475 ibi
2435 1449 2536 1476 com-

331 1507 467 1546 missis
497 1510 760 1558 competenter
783 1507 866 1558 jam
896 1505 1171 1544 satisfecerint.
1201 1527 1254 1533 —-
1280 1492 1605 1558 Helse'nyborfflc,
1636 1505 1698 1544 die
1726 1505 1898 1558 Philippi
1928 1509 1965 1544 et
1993 1506 2144 1545 Jacobi.

721 1574 894 1608 sartor-lus
921 1575 1046 1607 Geseh.
1073 1574 1104 1607 d.
1132 1577 1248 1607 Hanse
1274 1575 1324 1608 ed.
1351 1575 1520 1618 Lappenb.
1547 1575 1590 1608 II.
1616 1586 1671 1607 110.
1700 1575 1878 1608 CXLVIb.
1904 1587 1934 1618 p.
1960 1577 2132 1609 357—58.

117 1639 170 1671 25-
204 1638 301 1678 MaJi.
595 1637 745 1688 [2173]
806 1637 1075 1676 mmmmm
1106 1638 1209 1687 regis
1239 1637 1378 1682 literae,
1423 1636 1569 1689 quibus
1608 1640 1797 1682 testatur,
1841 1651 1887 1676 se
1923 1637 2112 1677 fratribus
2150 1638 2198 1677 de
2234 1637 2384 1677 Esrom
2408 1637 2536 1678 vendi-

330 1707 440 1746 disse
469 1707 641 1746 Brethas
671 1711 709 1745 et
739 1706 1088 1757 Arltigsbiirnruth.
1117 1730 1171 1735 —
1208 1701 1547 1759 lVortln‘iquorffi
1578 1705 1685 1746 VIII.
1716 1707 1866 1746 calend.
1895 1707 2013 1746 Junii.

716 1778 878 1819 Pontopp.
903 1779 990 1809 Anu.
1016 1777 1097 1810 eccl.
1122 1779 1209 1809 Dan.
1234 1777 1279 1810 11.
1305 1788 1336 1819 p.
1366 1776 1441 1810 156.
1489 1778 1549 1808 Hae
1574 1777 1681 1809 literae
1705 1787 1792 1809 311110
1821 1777 1919 1810 1239.
1946 1777 2042 1810 editae
2064 1781 2162 1821 sunt3
2188 1778 2253 1810 vid.
2269 1788 2375 1822 supra
2389 1778 2537 1812 no.790.

592 1837 741 1890 [2174]
800 1838 938 1878 Pmm
982 1838 1250 1878 MAGNUSSON
1296 1838 1429 1877 militis
1472 1839 1610 1884 literae,
1662 1838 1807 1891 quibus
1858 1841 2001 1879 curiam
2045 1853 2159 1878 suam
2202 1840 2455 1893 principalem
2498 1841 2536 1880 111

329 1904 490 1958 Ὶνθὲδγ
524 1909 733 1959 provinciae
768 1908 1097 1948 Holmbohaeraeth
1134 1909 1171 1947 in
1209 1908 1428 1956 Sialandia,
1472 1922 1562 1947 cum
1599 1913 1765 1961 quatuor
1803 1910 2006 1961 inquilinis
2042 1909 2159 1949 dictis
2196 1911 2393 1962 garsaede‚
2438 1915 2538 1950 “nec

330 1990 405 2015 non
445 1990 534 2015 cum
572 1977 751 2016 omnibus
789 1977 1116 2017 aestimationibus
1154 1979 1191 2017 111
1231 1980 1318 2030 ipsa
1355 1979 1458 2016 curia
1492 1980 1575 2031 jam
1612 1979 1884 2026 manentibus,
1927 1980 2106 2020 videlicet
2143 1980 2302 2019 duobus
2338 1980 2472 2020 bobus
2500 1985 2541 2020 et

331 2045 489 2085 dimidia
526 2060 654 2087 marca
691 2048 895 2094 annonae'’,
938 2049 1176 2087 monasterio
1213 2047 1444 2086 Esromensi
1480 2048 1562 2094 dat,
1607 2053 1736 2088 scotat
1765 2053 1803 2088 et
1832 2050 2024 2102 assignat.
2067 2073 2116 2078 —
2159 2050 2236 2089 Die
2271 2051 2541 2104 apostolorum

328 2114 435 2155 Petri
460 2121 499 2156 et
527 2116 654 2157 Pauli.

109 1830 162 1864 29.
188 1831 292 1864 Junii.

720 2187 953 2231 Pontoppidan
977 2188 1116 2221 Annall.
1141 2188 1263 2221 eccles.
1288 2189 1376 2221 Dan.
1402 2190 1445 2221 ΙΙ.
1475 2188 1548 2221 155.
1597 2189 1703 2222 Suhm
1728 2188 1819 2222 nist.
1847 2190 1887 2222 af
1903 2190 2048 2223 Danmk.
2070 2191 2150 2224 XII.
2174 2191 2251 2223 418.
2301 2190 2384 2223 Cod.
2403 2191 2538 2224 Esrom.

719 2249 780 2282 sol.
808 2249 952 2282 CXXII.

109 2321 162 2354 29·
193 2322 298 2355 Junii.
596 2324 746 2376 [2175]
805 2325 911 2364 Idem
948 2324 1123 2365 Parnes
1159 2326 1427 2367 Maoxussox
1469 2341 1606 2366 omnes
1643 2327 1776 2366 literas
1807 2326 2087 2379 quorumlibet,
2131 2342 2178 2367 ex
2210 2327 2382 2380 “quibus
2410 2329 2542 2381 possit

332 2392 444 2432 dictis
473 2393 657 2434 fratribus
687 2394 760 2449 (sc.
790 2397 1015 2435 monasterii
1045 2394 1321 2450 Esromensis)
1353 2412 1473 2450 super
1502 2397 1617 2436 bonis
1646 2399 1872 2450 praenotatis
1903 2398 2220 2450 impedimentum
2246 2397 2541 2450 quomodolibet

334 2464 527 2515 generari,
556 2465 707 2505 irritas”
738 2466 829 2504 facit
858 2467 1041 2518 “penitus
1071 2471 1109 2504 et
1138 2468 1312 2506 inanes''.
1341 2491 1395 2496 —
1425 2467 1515 2506 Dat.
1546 2482 1648 2506 anno
1679 2472 1717 2506 et
1748 2467 1808 2506 die
1839 2467 1988 2506 eodem.

723 2536 827 2568 Suhm
852 2536 943 2568 Hist.
969 2536 1009 2568 af
1031 2536 1175 2568 Danmk.
1200 2537 1278 2570 XII.
1304 2537 1478 2570 418—19.
1529 2538 1612 2570 Cod.
1636 2538 1770 2570 Esrom.
1797 2537 1857 2569 fol.
1884 2535 2046 2570 CXXllb.

115 2597 169 2630 29.
196 2599 299 2632 Junii.
595 2594 746 2647 [2176]
807 2596 911 2636 lnam
947 2599 1122 2636 Svenoni
1160 2599 1265 2637 dicto
1295 2598 1470 2650 Dyaechn
1510 2599 1655 2638 famulo
1691 2613 1764 2638 suo
1805 2599 1981 2644 mandat,
2024 2601 2067 2636 ut
2100 2597 2205 2637 bona
2242 2599 2428 2652 praedicta
2465 2612 2540 2639 suo

339 2660 460 2714 (Petri
490 2661 563 2716 M.)
595 2667 746 2705 nomine
776 2668 1012 2706 monasterio
1041 2667 1272 2706 Esromensi
1304 2673 1444 2708 scotet.
1477 2692 1525 2698 —
1556 2669 1648 2708 Dat.
1679 2669 1817 2708 eodem
1848 2683 1948 2707 anno
1978 2672 2016 2706 et
2046 2667 2118 2706 die.

725 2737 828 2769 suhm
856 2736 946 2771 nist.
973 2738 1014 2770 as
1033 2738 1178 2770 Danmk.
1203 2738 1282 2771 XII.
1307 2737 1478 2771 419—20.
1528 2739 1610 2772 Cod.
1631 2740 1766 2772 Esrom.
1793 2739 1853 2771 fol.
1879 2737 2041 2770 CXXIII.

117 2787 170 2820 29·
200 2790 304 2823 Jun'fi·
598 2794 747 2848 [2177]
805 2797 909 2836 lnssu
958 2797 1061 2838 bona
1111 2799 1295 2851 praedicta
1347 2802 1583 2840 monasterio
1627 2800 1856 2839 Esromensi
1907 2813 1976 2851 pro
2022 2799 2227 2839 duodecim
2270 2803 2412 2841 marcis
2454 2803 2541 2855 puri

343 2863 489 2913 argenti
517 2866 700 2915 ponderis
731 2866 979 2906 Coloniensis
1010 2870 1256 2921 oppignorat.
1284 2892 1338 2898 —
1367 2869 1458 2910 Dat.
1489 2871 1624 2909 eodem
1656 2885 1755 2910 anno
1785 2874 1824 2909 et
1854 2870 1927 2907 die.

726 2936 829 2967 Sulim
855 2937 943 2969 Hist.
970 2938 1010 2969 af
1030 2939 1176 2970 Danmk.
1199 2939 1280 2972 XII.
1306 2939 1477 2972 417-18.
1537 2940 1620 2972 Cod.
1644 2941 1768 2972 Esrom
1794 2939 1854 2971 fol.
1881 2936 2098 2971 cxxvnlb.

120 2993 175 3027 29.
201 2996 306 3029 Junii.
601 2993 748 3044 [2178]
806 2995 911 3035 lom
942 2997 1090 3049 obligat
1127 3013 1172 3038 se
1201 3000 1252 3039 ad
1280 3001 1566 3052 procurandum
1604 3001 1804 3040 monachis
1841 2999 2153 3039 Esromensibus
2193 3003 2364 3054 sigillum
2402 3003 2541 3042 sororii

344 3061 406 3099 sui
450 3060 659 3101 Giordonis
702 3063 945 3115 Magnusson
990 3067 1086 3107 infra
1130 3072 1218 3108 octo
1263 3069 1350 3108 dies
1393 3075 1482 3110 ante
1524 3072 1835 3123 assumptionem
1881 3068 2002 3108 beatae
2040 3071 2199 3120 virginis
2237 3075 2411 3125 proxime
2449 3071 2539 3112 sub-

343 3135 600 3181 sequentem,
649 3134 916 3184 apponendam
961 3138 1082 3176 literis
1118 3137 1368 3190 patentibus,
1405 3153 1506 3192 quas
1555 3141 1671 3180 dictis
1709 3138 1907 3179 monachis
1946 3153 2066 3191 super
2106 3140 2218 3181 ltonis
2254 3144 2288 3180 in
2341 3142 2538 3196 Waeghhy

346 3199 519 3238 contulit.
553 3222 598 3228 —
633 3200 720 3240 Dat.
751 3217 848 3241 anno
880 3210 916 3242 et
946 3205 1006 3245 die
1035 3208 1187 3246 eodem.

728 3273 827 3305 sulnn
855 3274 942 3308 nist.
968 3277 1005 3308 af
1027 3277 1171 3310 Danmk.
1197 3278 1278 3311 XII.
1305 3278 1383 3312 419.
1446 3279 1527 3312 Cod.
1554 3279 1688 3311 Esrom.
1717 3279 1775 3311 fol.
1802 3279 1998 3311 CXXVIII.

2642 2670 2649 3036 —-———-——-—
2640 2398 2646 2665 -—.-.——.—-
2636 2153 2643 2392 ————⁴„
2632 1869 2639 2141 .---.„----——
2630 1674 2635 1862 *μο-
