2649 3686
774 131 928 181 Koso
962 133 1253 184 VALDEMAR
1286 135 1579 186 Amanum.
2184 148 2281 198 313

72 214 2276 246 Ἣ

73 297 299 343 Falsterbo‚
341 299 433 339 med
469 300 506 340 al
541 300 658 341 deres
687 302 955 358 Tilbebiiring,
997 307 1161 359 ligesom
1205 308 1254 348 de
1284 323 1335 348 nu
1365 313 1477 349 staae
1505 310 1595 351 dem
1632 312 1676 352 til
1705 312 1826 360 Pant,
1870 314 1913 353 til
1942 314 2129 368 Kongen,
2171 318 2273 359 hans
2346 322 2462 363 1:371.

73 369 283 427 Arvinger,
311 369 435 422 Riget
463 384 514 422 og
541 370 695 422 Rigens
724 373 852 413 Raad.
883 397 931 404 —
967 376 1211 425 Stralsuml,
1240 379 1303 419 die
1330 380 1517 432 Apostoli
1547 382 1725 422 Simonis
1754 388 1793 423 et
1819 383 1945 423 Judae.
2293 388 2349 422 28.
2374 392 2509 426 Octobr.

462 439 630 472 Hvitfeldt
659 442 779 475 Danm.
815 444 921 486 Riges
956 447 1061 480 Krssn.
1098 459 1130 491 p.
1163 448 1334 482 519—50.
1366 449 1578 494 (Qvartudg.
1613 453 1709 486 Tom.
1736 454 1798 486 111.
1830 465 1863 498 p.
1896 454 2009 498 6160.
2069 455 2187 498 Ogsaa
2211 458 2274 491 bos

459 501 585 543 Subm,
612 502 700 535 nist.
727 505 766 536 af
787 507 934 539 Danmk.
958 508 1056 540 xm.
1081 520 1112 552 p.
1136 509 1309 544 696—98.

328 562 474 614 [2664]
532 562 664 603 Parni
694 564 970 619 wibergensis
999 571 1178 623 episcopi
1209 572 1342 618 litem,
1371 574 1516 627 quibus
1539 575 1725 622 declarat,
1749 576 1854 630 quod
1878 576 2020 616 fratres
2039 581 2266 620 monasterii
2302 584 2353 618 15.
2377 588 2498 622 Nox-br.

71 630 310 672 Vitescbolae
326 631 613 686 hospitalitatis
629 637 764 686 gratia,
789 641 827 675 et
853 638 956 677 nullo
979 640 1236 693 impetitionis
1252 643 1312 682 vel
1336 646 1625 696 procurationis
1641 646 1770 686 oslicio
1791 646 1962 694 adducti,
1986 662 2074 687 eum
2096 649 2272 689 officiose

69 699 242 756 hospitio
266 704 522 756 excepissent
544 705 660 756 eique
685 709 910 746 necessaria
934 711 1239 750 ministrassent.
1265 734 1313 741 -
1348 713 1603 764 Vitesclaeolce‚
1628 715 1740 755 sabb.
1764 731 1874 770 prox.
1896 721 1986 757 ante
2003 718 2157 759 Ceciliae
2174 720 2270 772 virg.

458 774 547 806 Diin.
572 774 731 807 Bibliotb.
757 777 818 808 vl.
848 777 1014 812 177-78.
1061 782 1291 824 Pontoppidan
1314 784 1450 817 Annall.
1476 784 1598 818 eccles.
1625 787 1709 818 Dan.
1735 788 1777 820 11.
1802 786 1881 820 219.

327 834 473 886 [2665.]
529 835 665 875 Jessae
683 837 820 877 Dum’s
838 838 952 887 Brev,
969 841 1140 881 hvorved
1157 842 1231 882 ban
1249 844 1483 898 overdrager
1499 845 1903 888 GaardenBrundwm
1920 849 2098 890 tilJessae
2110 849 2268 891 Lokkae.

456 905 619 938 Molbech
644 916 688 948 og
712 908 874 941 Petersen
900 910 1044 944 Danske
1067 912 1242 956 Diplomer
1265 913 1292 947 1.
1317 914 1350 947 2.

1091 1012 1235 1063 1372.
2342 1043 2459 1084 1372.

325 1103 482 1153 [2666]
539 1103 712 1145 Niconai
736 1106 1024 1162 archiepiscopi
1043 1109 1283 1159 Lundensis,
1303 1111 1430 1152 Eam
1457 1113 1746 1162 Otthoniensis,
1769 1115 2266 1166 N1cor..uR0skildensis‚
2301 1128 2336 1161 5.
2362 1130 2501 1162 Januar.

65 1172 287 1213 Joumvms
315 1174 532 1228 Ripensis,
562 1174 672 1215 ΟιΛι
702 1177 958 1226 Arusiensis,
995 1178 1178 1218 Hamucr
1209 1182 1513 1231 Sleswicensis,
1549 1184 1768 1225 Svfflvoms
1798 1185 2084 1238 Burglanensis
2112 1190 2268 1242 episco-

64 1257 200 1296 porum
229 1244 372 1292 literae,
409 1244 554 1298 quibus
591 1246 845 1299 quadraginta
884 1248 1029 1287 dierum
1069 1249 1330 1302 indulgentias
1360 1253 1410 1292 iis
1441 1254 1679 1301 concedunt,
1721 1256 1785 1308 qui
1812 1256 1990 1296 ecclesiae
2020 1256 2076 1296 S'l
2106 1258 2264 1310 Georgii

63 1327 186 1368 prope
223 1314 446 1368 Svineburg
480 1316 627 1355 calices
656 1320 731 1356 etc.
775 1317 1002 1357 donaverint
1037 1333 1109 1358 seu
1151 1319 1284 1359 donari
1326 1325 1636 1374 procuraverint,
1679 1325 1740 1364 vel
1777 1325 1827 1364 ad
1862 1330 2097 1366 structuram
2136 1329 2263 1380 ipsius

62 1397 202 1425 manus
238 1387 480 1438 porrexerint
515 1385 753 1439 adjutrices,
798 1388 857 1427 vel
888 1388 1048 1427 infirmis
1077 1388 1129 1428 ibi
1168 1392 1501 1432 commorantibus
1536 1393 1724 1434 beneficia
1762 1397 2033 1448 praestiterint,
2077 1397 2138 1436 vel
2176 1411 2263 1438 eam

65 1456 185 1495 certis
212 1455 355 1500 djebus
384 1456 502 1496 sestis
532 1457 777 1495 visitaverint
805 1461 843 1496 et
869 1471 1007 1510 preces
1039 1458 1091 1497 ibi
1123 1459 1294 1500 fecerint.
1323 1483 1376 1490 -
1410 1462 1606 1512 Οίῐοιιίτε,
1636 1465 1763 1516 vigilia
1793 1465 2012 1518 epiphania:
2042 1465 2202 1505 domini.

453 1526 685 1569 Pontoppidan
710 1527 848 1560 Annali.
874 1528 954 1560 eccl.
982 1530 1068 1561 Dan.
1093 1530 1136 1562 11.
1161 1529 1240 1562 219.

323 1586 479 1637 [2662]
535 1587 731 1628 Ennsmm
763 1589 882 1629 KALF
914 1590 1048 1629 militis
1077 1595 1116 1629 et
1143 1591 1290 1631 JAcom
1320 1591 1444 1631 ΚΑΜ*
1475 1594 1538 1632 filii
1564 1595 1653 1646 ejus
1670 1595 1869 1648 obligatio,
1898 1610 1974 1649 qua
2003 1600 2175 1635 castrum
2190 1596 2260 1636 Ri-
2284 1607 2340 1642 26,
2364 1610 2507 1643 sanun,

63 1669 186 1709 pense
215 1670 304 1696 cum
333 1649 555 1710 provincia,
585 1672 608 1697 a
637 1659 848 1698 comitibus
876 1659 1063 1699 Holsatiae
1092 1659 1262 1700 Henrico
1293 1667 1333 1701 et
1359 1663 1523 1702 Nicolao
1553 1664 1628 1703 sibi
1658 1669 1698 1703 et
1732 1665 1955 1705 haeredibus
1985 1667 2071 1705 suis
2101 1680 2262 1706 conces-

61 1739 169 1774 sum,
211 1740 299 1766 cum
339 1729 417 1781 ipsi
454 1728 515 1767 vel
553 1727 732 1768 haeredes
773 1730 1046 1782 poposcerint,
1077 1731 1274 1782 resignare
1302 1734 1552 1785 promittunt,
1582 1734 1845 1782 declarantes,
1885 1735 2010 1788 quod,
2046 1736 2259 1789 “quicquid

61 1796 270 1837 comitibus
298 1799 605 1846 emutuaverint,
647 1798 723 1838 hoc
760 1803 883 1838 totum
920 1813 1038 1852 super
1074 1805 1244 1840 castrum
1276 1801 1477 1855 Aleburgh
1512 1807 1553 1843 et
1588 1818 1707 1857 super
1734 1805 1811 1844 alia
1840 1806 2003 1858 pignora
2031 1811 2258 1859 computare

51 1865 267 1907 ,debeant'z
297 1890 348 1897 —
378 1868 520 1922 Ripis,
549 1870 722 1908 crastino
751 1870 1021 1908 conversionis
1049 1871 1174 1909 sancti
1203 1870 1328 1909 Pauli.

454 1938 753 1972 Videnskabernes
779 1939 893 1972 sels-k.
918 1938 1069 1971 skrifter
1094 1940 1120 1972 1.
1145 1940 1293 1972 304—5.

321 1999 478 2050 [2668]
534 2000 721 2039 Hfflvmcr
766 2001 944 2053 episcopi
982 2000 1248 2040 Slesvicensis
1287 2002 1556 2055 indulgentiae,
1596 2003 1695 2044 datae
1731 2005 1801 2051 iis,
1846 2007 1910 2059 qui
1954 2008 2072 2046 certis
2116 2005 2257 2045 diebus
2293 2015 2324 2048 7.
2350 2016 2477 2050 Martii.

59 2067 217 2108 festivis
245 2069 458 2109 ecclesiam
487 2071 714 2110 monialium
744 2072 782 2110 in
812 2071 937 2109 insula
966 2084 1087 2123 prope
1116 2071 1312 2110 Sleswieh
1341 2073 1582 2112 visitaverint
1617 2074 1678 2114 vel
1708 2088 1848 2115 manus
1885 2075 2100 2129 adjutrices
2129 2076 2256 2115 eidem

59 2140 311 2190 porrexerint.
343 2162 392 2168 —
422 2140 631 2180 Dominica
655 2141 793 2180 mediae
823 2140 1141 2194 quadragesimae.

292 2254 295 2258 ,
451 2211 680 2254 westphalen
704 2214 854 2243 Monum.
879 2210 966 2243 ined.
992 2210 1052 2243 111.
1076 2210 1246 2244 370—71.

318 2271 465 2323 [2669]
523 2272 738 2312 Gnaoorm
775 2270 906 2323 (lel)
942 2285 1050 2324 papae
1079 2271 1129 2310 ad
1159 2271 1359 2311 Albertum
1387 2273 1537 2313 Sveciae
1566 2288 1696 2326 regem
1725 2275 1866 2322 literae,
1911 2275 2052 2329 quibus
2087 2277 2123 2315 ei
2149 2276 2253 2315 Hen-
2281 2281 2332 2314 13.
2357 2282 2488 2315 Martii.

57 2339 180 2379 ticum
203 2341 435 2394 episcopum
460 2342 776 2390 Slesvicensem,
811 2344 845 2381 in
871 2341 1048 2394 partibus
1068 2342 1145 2380 illis
1167 2342 1393 2394 apostolicae
1416 2343 1527 2382 sedis
1550 2346 1725 2384 nuntium
1749 2345 1799 2384 ad
1824 2350 2038 2398 proventus
2061 2350 2100 2384 et
2122 2345 2253 2385 debita

58 2421 220 2450 camerae
243 2412 473 2464 accipienda
497 2414 764 2460 constitutum,
787 2410 1045 2451 commendat.
1069 2432 1119 2438 —
1144 2412 1367 2460 Avenione,
1397 2414 1511 2452 tertio
1537 2413 1589 2452 id.
1612 2414 1758 2461 Martii,
1781 2415 1920 2468 pontis.
1943 2428 2043 2454 anno
2065 2416 2253 2455 secundo.

448 2482 608 2515 Vastovii
635 2482 730 2514 Vitis
754 2481 923 2525 aquilonia
948 2479 1087 2523 (Colon.
1113 2480 1232 2523 Agrip.
1261 2481 1358 2514 1623.
1385 2482 1485 2526 Fol.)
1511 2493 1542 2526 p.
1571 2483 1645 2516 198.

318 2543 474 2592 [2670.]
529 2543 725 2583 ΕιιιΑΝυι
763 2542 877 2581 Cam-¹
913 2542 1048 2581 militis
1084 2542 1220 2589 literae,
1263 2542 1406 2595 quibus
1445 2544 1625 2583 omnibus
1655 2549 1783 2584 notam
1822 2545 1916 2584 facit
1945 2547 2201 2594 sententiam,
2230 2560 2253 2586 a
2288 2552 2344 2585 25.
2376 2552 2470 2586 sulii.

59 2611 290 2652 consulibus
318 2613 567 2665 Ripensibus
590 2617 630 2652 et
659 2613 848 2652 advocato
871 2625 943 2651 suo
967 2611 1103 2657 latam,
1133 2625 1209 2664 qua
1237 2611 1429 2652 Nicolaus
1459 2627 1530 2651 van
1561 2614 1678 2653 Riine
1703 2615 1784 2666 (qui
1808 2613 1991 2654 hostibus
2015 2617 2187 2655 civitatis
2213 2617 2251 2656 in

57 2686 188 2721 castro
226 2681 368 2722 Graam
406 2684 592 2723 auxilium
631 2683 730 2722 serre
767 2685 1042 2736 proposuerat,
1086 2680 1213 2720 “duas
1249 2681 1475 2733 lagunculas
1511 2682 1649 2735 plenas
1678 2683 1826 2722 sulfure
1856 2684 1960 2723 dicto
1989 2685 2169 2732 Swauel,
2212 2690 2252 2725 et

57 2751 237 2804 Salpeter
274 2753 377 2792 dicta
412 2753 690 2806 Byss-Krwd”
727 2767 773 2792 eo
809 2750 1126 2803 transportando,
1168 2755 1300 2790 contra
1338 2751 1525 2791 disertam
1563 2752 1656 2790 Calli
1699 2757 1739 2792 et
1780 2753 1985 2793 consulum
2030 2755 2250 2808 civiumque

56 2820 378 2873 prohibitionem)
407 2825 551 2876 capitis
581 2836 672 2862 reus
696 2822 906 2875 judicatur.
937 2842 985 2848 —
1015 2820 1157 2872 Ripis,
1183 2821 1355 2859 crastino
1386 2822 1602 2860 nativitatis
1630 2821 1823 2861 ,Iohannis
1851 2822 2048 2875 baptistae.

446 2893 662 2926 Videnskab.
687 2892 799 2925 selsk.
825 2890 977 2924 skrifter
1002 2890 1030 2923 1.
1054 2890 1224 2922 254—55.
1271 2890 1375 2922 subm
1402 2890 1490 2923 nist.
1516 2890 1557 2922 af
1577 2891 1722 2924 Danmk.
1747 2893 1842 2925 xlu.
1866 2892 2038 2925 869—70.

1085 2989 1226 3038 1373.
2320 3011 2436 3052 1373.

317 3089 475 3140 [267l.]
531 3086 876 3141 Enkehertuginde
913 3086 1019 3125 Rnxe
1064 3084 1106 3123 til
1148 3084 1327 3138 Slesvigs
1369 3086 1494 3134 Brev,
1543 3065 1714 3128 hvorved
1765 3088 1843 3129 buu
1886 3089 2093 3130 udnaevner
2133 3091 2250 3144 Kong
2278 3093 2307 3127 1.
2337 3097 2480 3128 danuar.

56 3159 266 3200 Valdemar
295 3160 339 3200 as
360 3160 560 3200 Danmark
589 3160 632 3199 til
661 3160 722 3198 sin
751 3158 888 3209 Vaerge
918 3168 967 3208 og
996 3153 1227 3206 undergiver
1254 3157 1308 3196 sit
1334 3156 1555 3210 Livgeding
1584 3157 1683 3198 hans
1706 3157 1845 3212 Tilsyn
1868 3173 1918 3212 og
1938 3159 2247 3214 Beskjermelse.

21 3215 24 3217 .
56 3250 104 3259 —·
133 3214 447 3284 Suaderboiylz,
475 3229 632 3282 Nyaars
659 3229 759 3281 Dag.
1993 3230 2246 3285 (Plattydsk).

443 3299 614 3333 Vidensk.
640 3298 755 3332 Selsk.
780 3294 930 3330 Skrit‘ter
953 3293 999 3328 X.
1027 3293 1193 3328 127-28.

123 3361 251 3398 negt-st.
270 3363 347 3391 Dan.
367 3361 390 3393 1.
1937 3363 1989 3404 40
