<?xml version="1.0" encoding="UTF-8"?>
<!DOCTYPE html PUBLIC "-//W3C//DTD XHTML 1.0 Transitional//EN"
    "http://www.w3.org/TR/xhtml1/DTD/xhtml1-transitional.dtd">
<html xmlns="http://www.w3.org/1999/xhtml" xml:lang="en" lang="en">
 <head>
  <title>
</title>
<meta http-equiv="Content-Type" content="text/html;charset=utf-8" />
  <meta name='ocr-system' content='tesseract 3.04.00' />
  <meta name='ocr-capabilities' content='ocr_page ocr_carea ocr_par ocr_line ocrx_word'/>
</head>
<body>
  <div class='ocr_page' id='page_1' title='image "./regestadiplomati01dansuoft_0199.png"; bbox 0 0 2649 3686; ppageno 0'>
   <div class='ocr_carea' id='block_1_1' title="bbox 55 172 2268 280">
    <p class='ocr_par' dir='ltr' id='par_1_1' title="bbox 55 172 2268 280">
     <span class='ocr_line' id='line_1_1' title="bbox 866 172 2268 237; baseline 0.009 -15"><span class='ocrx_word' id='word_1_1' title='bbox 866 172 1021 223; x_wconf 72' lang='lat' dir='ltr'><strong>Koxe</strong></span> <span class='ocrx_word' id='word_1_2' title='bbox 1054 174 1185 225; x_wconf 71' lang='lat' dir='ltr'><strong>Ean(</strong></span> <span class='ocrx_word' id='word_1_3' title='bbox 1218 176 1454 225; x_wconf 70' lang='lat' dir='ltr'><strong>Mnxvnn.</strong></span> <span class='ocrx_word' id='word_1_4' title='bbox 2173 185 2268 237; x_wconf 88' lang='grc'><strong>189</strong></span> 
     </span>
     <span class='ocr_line' id='line_1_2' title="bbox 55 255 2266 280; baseline 0.009 -21"><span class='ocrx_word' id='word_1_5' title='bbox 55 255 2266 280; x_wconf 48' lang='grc' dir='ltr'>Ἣ</span> 
     </span>
    </p>
   </div>
   <div class='ocr_carea' id='block_1_2' title="bbox 51 338 2508 1023">
    <p class='ocr_par' dir='ltr' id='par_1_2' title="bbox 52 338 2504 756">
     <span class='ocr_line' id='line_1_3' title="bbox 317 338 2457 405; baseline 0.01 -28"><span class='ocrx_word' id='word_1_6' title='bbox 317 338 473 388; x_wconf 78' lang='grc'><strong>[1545]</strong></span> <span class='ocrx_word' id='word_1_7' title='bbox 531 339 723 380; x_wconf 61' lang='lat' dir='ltr'><strong>Amnum</strong></span> <span class='ocrx_word' id='word_1_8' title='bbox 755 345 952 396; x_wconf 87' lang='lat' dir='ltr'><strong>quondam</strong></span> <span class='ocrx_word' id='word_1_9' title='bbox 983 348 1199 396; x_wconf 80' lang='lat' dir='ltr'>cellerarii,</span> <span class='ocrx_word' id='word_1_10' title='bbox 1241 350 1421 390; x_wconf 87' lang='lat' dir='ltr'><strong>canonici</strong></span> <span class='ocrx_word' id='word_1_11' title='bbox 1458 348 1691 390; x_wconf 86' lang='lat' dir='ltr'><strong>Lundensis</strong></span> <span class='ocrx_word' id='word_1_12' title='bbox 1728 350 1869 398; x_wconf 66' lang='lat' dir='ltr'><strong>litem,</strong></span> <span class='ocrx_word' id='word_1_13' title='bbox 1913 351 2058 405; x_wconf 75' lang='lat' dir='ltr'><strong>qthus</strong></span> <span class='ocrx_word' id='word_1_14' title='bbox 2101 358 2270 395; x_wconf 82' lang='lat' dir='ltr'><strong>testatur</strong></span> <span class='ocrx_word' id='word_1_15' title='bbox 2341 357 2457 398; x_wconf 81' lang='lat'><strong>1299.</strong></span> 
     </span>
     <span class='ocr_line' id='line_1_4' title="bbox 57 408 2504 477; baseline 0.007 -27"><span class='ocrx_word' id='word_1_16' title='bbox 57 423 123 458; x_wconf 69' lang='lat' dir='ltr'><strong>se,</strong></span> <span class='ocrx_word' id='word_1_17' title='bbox 147 409 262 463; x_wconf 80' lang='lat' dir='ltr'><strong>juxta</strong></span> <span class='ocrx_word' id='word_1_18' title='bbox 289 408 519 449; x_wconf 89' lang='lat' dir='ltr'><strong>mandatum</strong></span> <span class='ocrx_word' id='word_1_19' title='bbox 549 409 692 457; x_wconf 75' lang='lat' dir='ltr'><strong>isarni,</strong></span> <span class='ocrx_word' id='word_1_20' title='bbox 736 414 928 465; x_wconf 83' lang='lat' dir='ltr'><strong>capellani</strong></span> <span class='ocrx_word' id='word_1_21' title='bbox 958 421 997 456; x_wconf 90' lang='lat' dir='ltr'><strong>et</strong></span> <span class='ocrx_word' id='word_1_22' title='bbox 1026 420 1151 458; x_wconf 87' lang='lat' dir='ltr'><strong>nuntii</strong></span> <span class='ocrx_word' id='word_1_23' title='bbox 1183 433 1315 472; x_wconf 77' lang='lat' dir='ltr'><strong>papae,</strong></span> <span class='ocrx_word' id='word_1_24' title='bbox 1359 419 1441 459; x_wconf 90' lang='grc' dir='ltr'><strong>“Μ.</strong></span> <span class='ocrx_word' id='word_1_25' title='bbox 1478 419 1756 469; x_wconf 76' lang='lat' dir='ltr'><strong>Laurentium,</strong></span> <span class='ocrx_word' id='word_1_26' title='bbox 1800 420 1959 461; x_wconf 86' lang='lat' dir='ltr'><strong>Petrum</strong></span> <span class='ocrx_word' id='word_1_27' title='bbox 1995 422 2197 477; x_wconf 86' lang='lat' dir='ltr'><strong>Hildulphi</strong></span> <span class='ocrx_word' id='word_1_28' title='bbox 2229 431 2271 466; x_wconf 75' lang='lat' dir='ltr'><strong>et</strong></span> <span class='ocrx_word' id='word_1_29' title='bbox 2295 425 2346 458; x_wconf 82' lang='lat'><strong>13·</strong></span> <span class='ocrx_word' id='word_1_30' title='bbox 2371 427 2504 461; x_wconf 78' lang='lat' dir='ltr'><strong>Octobr.</strong></span> 
     </span>
     <span class='ocr_line' id='line_1_5' title="bbox 56 479 2267 546; baseline 0.007 -27"><span class='ocrx_word' id='word_1_31' title='bbox 56 479 284 526; x_wconf 82' lang='lat' dir='ltr'><strong>Oddonem,</strong></span> <span class='ocrx_word' id='word_1_32' title='bbox 327 479 540 518; x_wconf 83' lang='lat' dir='ltr'><strong>venerandi</strong></span> <span class='ocrx_word' id='word_1_33' title='bbox 577 482 703 533; x_wconf 88' lang='lat' dir='ltr'><strong>patris</strong></span> <span class='ocrx_word' id='word_1_34' title='bbox 737 482 953 533; x_wconf 85' lang='lat' dir='ltr'><strong>Johannis,</strong></span> <span class='ocrx_word' id='word_1_35' title='bbox 997 486 1059 526; x_wconf 88' lang='lat' dir='ltr'><strong>dei</strong></span> <span class='ocrx_word' id='word_1_36' title='bbox 1104 489 1228 540; x_wconf 81' lang='lat' dir='ltr'><strong>gratia</strong></span> <span class='ocrx_word' id='word_1_37' title='bbox 1263 489 1494 529; x_wconf 84' lang='lat' dir='ltr'><strong>Lundensis</strong></span> <span class='ocrx_word' id='word_1_38' title='bbox 1536 490 1848 544; x_wconf 86' lang='lat' dir='ltr'><strong>archiepiscopi,</strong></span> <span class='ocrx_word' id='word_1_39' title='bbox 1893 492 2038 531; x_wconf 76' lang='lat' dir='ltr'><strong>Svetiae</strong></span> <span class='ocrx_word' id='word_1_40' title='bbox 2076 496 2267 546; x_wconf 88' lang='lat' dir='ltr'><strong>primatis,</strong></span> 
     </span>
     <span class='ocr_line' id='line_1_6' title="bbox 55 546 2267 614; baseline 0.005 -24"><span class='ocrx_word' id='word_1_41' title='bbox 55 546 320 604; x_wconf 85' lang='lat' dir='ltr'><strong>procurator&#39;io</strong></span> <span class='ocrx_word' id='word_1_42' title='bbox 350 550 508 588; x_wconf 90' lang='lat' dir='ltr'><strong>nomine</strong></span> <span class='ocrx_word' id='word_1_43' title='bbox 539 551 576 588; x_wconf 93' lang='lat' dir='ltr'><strong>in</strong></span> <span class='ocrx_word' id='word_1_44' title='bbox 604 554 909 603; x_wconf 83' lang='lat' dir='ltr'><strong>possessionem</strong></span> <span class='ocrx_word' id='word_1_45' title='bbox 940 558 1181 609; x_wconf 79' lang='lat' dir='ltr'><strong>corporalem</strong></span> <span class='ocrx_word' id='word_1_46' title='bbox 1213 561 1384 598; x_wconf 90' lang='lat' dir='ltr'><strong>omnium</strong></span> <span class='ocrx_word' id='word_1_47' title='bbox 1414 559 1603 599; x_wconf 92' lang='lat' dir='ltr'><strong>bonorum</strong></span> <span class='ocrx_word' id='word_1_48' title='bbox 1634 564 1674 600; x_wconf 91' lang='lat' dir='ltr'><strong>et</strong></span> <span class='ocrx_word' id='word_1_49' title='bbox 1697 562 1845 613; x_wconf 89' lang='lat' dir='ltr'><strong>jurium</strong></span> <span class='ocrx_word' id='word_1_50' title='bbox 1875 562 2062 614; x_wconf 85' lang='lat' dir='ltr'><strong>regalium</strong></span> <span class='ocrx_word' id='word_1_51' title='bbox 2094 565 2130 602; x_wconf 94' lang='lat' dir='ltr'><strong>in</strong></span> <span class='ocrx_word' id='word_1_52' title='bbox 2159 564 2267 604; x_wconf 91' lang='lat' dir='ltr'><strong>Lun.</strong></span> 
     </span>
     <span class='ocr_line' id='line_1_7' title="bbox 54 619 2267 685; baseline 0.006 -26"><span class='ocrx_word' id='word_1_53' title='bbox 54 619 167 660; x_wconf 84' lang='lat' dir='ltr'><strong>densi</strong></span> <span class='ocrx_word' id='word_1_54' title='bbox 195 619 373 658; x_wconf 84' lang='lat' dir='ltr'><strong>dioecesi</strong></span> <span class='ocrx_word' id='word_1_55' title='bbox 403 620 728 669; x_wconf 88' lang='lat' dir='ltr'><strong>constitutorum,</strong></span> <span class='ocrx_word' id='word_1_56' title='bbox 767 630 930 677; x_wconf 83' lang='lat' dir='ltr'><strong>excepta</strong></span> <span class='ocrx_word' id='word_1_57' title='bbox 961 625 1150 667; x_wconf 79' lang='lat' dir='ltr'>duntaxat</span> <span class='ocrx_word' id='word_1_58' title='bbox 1178 627 1430 676; x_wconf 88' lang='lat' dir='ltr'><strong>Hallandia&#39;’,</strong></span> <span class='ocrx_word' id='word_1_59' title='bbox 1467 630 1650 677; x_wconf 85' lang='lat' dir='ltr'><strong>misisse,</strong></span> <span class='ocrx_word' id='word_1_60' title='bbox 1681 634 1727 670; x_wconf 45' lang='lat' dir='ltr'><strong>et*</strong></span> <span class='ocrx_word' id='word_1_61' title='bbox 1748 644 1837 670; x_wconf 89' lang='lat' dir='ltr'><strong>cum</strong></span> <span class='ocrx_word' id='word_1_62' title='bbox 1867 631 1982 684; x_wconf 88' lang='lat' dir='ltr'><strong>pleno</strong></span> <span class='ocrx_word' id='word_1_63' title='bbox 2009 634 2099 685; x_wconf 88' lang='lat' dir='ltr'><strong>jure</strong></span> <span class='ocrx_word' id='word_1_64' title='bbox 2128 638 2168 673; x_wconf 92' lang='lat' dir='ltr'><strong>et</strong></span> <span class='ocrx_word' id='word_1_65' title='bbox 2199 635 2267 674; x_wconf 89' lang='lat' dir='ltr'><strong>do-</strong></span> 
     </span>
     <span class='ocr_line' id='line_1_8' title="bbox 52 689 2267 756; baseline 0.007 -28"><span class='ocrx_word' id='word_1_66' title='bbox 52 690 172 729; x_wconf 89' lang='lat' dir='ltr'><strong>minio</strong></span> <span class='ocrx_word' id='word_1_67' title='bbox 201 690 442 729; x_wconf 85' lang='lat' dir='ltr'><strong>scotavisse.</strong></span> <span class='ocrx_word' id='word_1_68' title='bbox 469 711 519 717; x_wconf 87' lang='lat'><strong>-—</strong></span> <span class='ocrx_word' id='word_1_69' title='bbox 550 689 600 729; x_wconf 80' lang='lat' dir='ltr'><strong>In</strong></span> <span class='ocrx_word' id='word_1_70' title='bbox 628 693 786 744; x_wconf 74' lang='lat' dir='ltr'><strong>synodo</strong></span> <span class='ocrx_word' id='word_1_71' title='bbox 814 694 1048 745; x_wconf 66' lang='lat' dir='ltr'><strong>Ltcnclcvzse&#39;,</strong></span> <span class='ocrx_word' id='word_1_72' title='bbox 1077 697 1187 737; x_wconf 82' lang='lat' dir='ltr'><strong>Xlll.</strong></span> <span class='ocrx_word' id='word_1_73' title='bbox 1217 698 1281 739; x_wconf 86' lang='lat' dir='ltr'><strong>die</strong></span> <span class='ocrx_word' id='word_1_74' title='bbox 1309 700 1460 739; x_wconf 83' lang='lat' dir='ltr'>mensis</span> <span class='ocrx_word' id='word_1_75' title='bbox 1489 699 1698 748; x_wconf 84' lang='lat' dir='ltr'><strong>Octobris,</strong></span> <span class='ocrx_word' id='word_1_76' title='bbox 1728 701 1942 742; x_wconf 82' lang='lat' dir='ltr'>indictione</span> <span class='ocrx_word' id='word_1_77' title='bbox 1969 702 2097 750; x_wconf 84' lang='lat' dir='ltr'><strong>Xlll.,</strong></span> <span class='ocrx_word' id='word_1_78' title='bbox 2127 705 2267 756; x_wconf 88' lang='lat' dir='ltr'><strong>pontif.</strong></span> 
     </span>
    </p>

    <p class='ocr_par' dir='ltr' id='par_1_3' title="bbox 51 757 1083 875">
     <span class='ocr_line' id='line_1_9' title="bbox 51 757 716 812; baseline 0 -12"><span class='ocrx_word' id='word_1_79' title='bbox 51 758 247 800; x_wconf 84' lang='lat' dir='ltr'><strong>Bonisacii</strong></span> <span class='ocrx_word' id='word_1_80' title='bbox 272 757 402 798; x_wconf 68' lang='lat' dir='ltr'><strong>Vlllvi</strong></span> <span class='ocrx_word' id='word_1_81' title='bbox 434 772 536 798; x_wconf 94' lang='lat' dir='ltr'><strong>anno</strong></span> <span class='ocrx_word' id='word_1_82' title='bbox 566 761 716 812; x_wconf 86' lang='lat' dir='ltr'><strong>quinto.</strong></span> 
     </span>
     <span class='ocr_line' id='line_1_10' title="bbox 443 830 1083 875; baseline 0.011 -14"><span class='ocrx_word' id='word_1_83' title='bbox 443 830 633 871; x_wconf 79' lang='lat' dir='ltr'><strong>Langebek</strong></span> <span class='ocrx_word' id='word_1_84' title='bbox 659 830 800 875; x_wconf 87' lang='lat' dir='ltr'><strong>Scriptt.</strong></span> <span class='ocrx_word' id='word_1_85' title='bbox 824 834 888 867; x_wconf 80' lang='lat' dir='ltr'><strong>vl.</strong></span> <span class='ocrx_word' id='word_1_86' title='bbox 912 834 1083 869; x_wconf 80' lang='lat'><strong>336—37.</strong></span> 
     </span>
    </p>

    <p class='ocr_par' dir='ltr' id='par_1_4' title="bbox 52 891 2508 1023">
     <span class='ocr_line' id='line_1_11' title="bbox 311 891 2508 961; baseline 0.008 -32"><span class='ocrx_word' id='word_1_87' title='bbox 311 891 469 940; x_wconf 89' lang='grc'><strong>[1546]</strong></span> <span class='ocrx_word' id='word_1_88' title='bbox 527 891 672 932; x_wconf 83' lang='lat' dir='ltr'><strong>Literae</strong></span> <span class='ocrx_word' id='word_1_89' title='bbox 704 907 924 935; x_wconf 64' lang='lat' dir='ltr'><strong>comstmum</strong></span> <span class='ocrx_word' id='word_1_90' title='bbox 954 911 1292 947; x_wconf 67' lang='lat' dir='ltr'><strong>caranonumqun</strong></span> <span class='ocrx_word' id='word_1_91' title='bbox 1323 913 1474 940; x_wconf 74' lang='lat' dir='ltr'><strong>ervum</strong></span> <span class='ocrx_word' id='word_1_92' title='bbox 1505 901 1827 949; x_wconf 66' lang='lat' dir='ltr'><strong>Anusrfflvsum,</strong></span> <span class='ocrx_word' id='word_1_93' title='bbox 1864 902 2010 956; x_wconf 87' lang='lat' dir='ltr'><strong>quibus</strong></span> <span class='ocrx_word' id='word_1_94' title='bbox 2045 904 2264 961; x_wconf 66' lang='lat' dir='ltr'><strong>declarant,</strong></span> <span class='ocrx_word' id='word_1_95' title='bbox 2289 904 2345 938; x_wconf 81' lang='lat'><strong>22·</strong></span> <span class='ocrx_word' id='word_1_96' title='bbox 2373 906 2508 939; x_wconf 76' lang='lat' dir='ltr'><strong>Octobr.</strong></span> 
     </span>
     <span class='ocr_line' id='line_1_12' title="bbox 52 960 2264 1023; baseline 0.007 -24"><span class='ocrx_word' id='word_1_97' title='bbox 52 960 195 1000; x_wconf 88' lang='lat' dir='ltr'><strong>curiam</strong></span> <span class='ocrx_word' id='word_1_98' title='bbox 225 961 422 1013; x_wconf 87' lang='lat' dir='ltr'><strong>quandam</strong></span> <span class='ocrx_word' id='word_1_99' title='bbox 453 962 490 1000; x_wconf 90' lang='lat' dir='ltr'><strong>in</strong></span> <span class='ocrx_word' id='word_1_100' title='bbox 519 962 628 1001; x_wconf 88' lang='lat' dir='ltr'><strong>Arus</strong></span> <span class='ocrx_word' id='word_1_101' title='bbox 659 977 823 1004; x_wconf 89' lang='lat' dir='ltr'><strong>unacum</strong></span> <span class='ocrx_word' id='word_1_102' title='bbox 855 966 1021 1019; x_wconf 86' lang='lat' dir='ltr'><strong>quadam</strong></span> <span class='ocrx_word' id='word_1_103' title='bbox 1051 968 1211 1007; x_wconf 88' lang='lat' dir='ltr'><strong>taberna</strong></span> <span class='ocrx_word' id='word_1_104' title='bbox 1241 971 1453 1023; x_wconf 81' lang='lat' dir='ltr'><strong>praeposito</strong></span> <span class='ocrx_word' id='word_1_105' title='bbox 1482 971 1648 1023; x_wconf 83' lang='lat' dir='ltr'><strong>Magno,</strong></span> <span class='ocrx_word' id='word_1_106' title='bbox 1688 973 1876 1011; x_wconf 91' lang='lat' dir='ltr'><strong>canonico</strong></span> <span class='ocrx_word' id='word_1_107' title='bbox 1908 973 2135 1022; x_wconf 89' lang='lat' dir='ltr'><strong>Arusiensi,</strong></span> <span class='ocrx_word' id='word_1_108' title='bbox 2177 988 2264 1014; x_wconf 85' lang='lat' dir='ltr'><strong>sco·</strong></span> 
     </span>
    </p>
   </div>
   <div class='ocr_carea' id='block_1_3' title="bbox 50 1030 2261 1147">
    <p class='ocr_par' dir='ltr' id='par_1_5' title="bbox 50 1030 2261 1147">
     <span class='ocr_line' id='line_1_13' title="bbox 50 1030 2261 1095; baseline 0.007 -26"><span class='ocrx_word' id='word_1_109' title='bbox 50 1034 170 1070; x_wconf 87' lang='lat' dir='ltr'><strong>tatam</strong></span> <span class='ocrx_word' id='word_1_110' title='bbox 199 1044 294 1071; x_wconf 90' lang='lat' dir='ltr'><strong>esse</strong></span> <span class='ocrx_word' id='word_1_111' title='bbox 322 1030 371 1071; x_wconf 91' lang='lat' dir='ltr'><strong>ab</strong></span> <span class='ocrx_word' id='word_1_112' title='bbox 397 1032 563 1071; x_wconf 87' lang='lat' dir='ltr'><strong>Alberto</strong></span> <span class='ocrx_word' id='word_1_113' title='bbox 596 1032 746 1073; x_wconf 86' lang='lat' dir='ltr'><strong>Alberti</strong></span> <span class='ocrx_word' id='word_1_114' title='bbox 776 1035 853 1074; x_wconf 81' lang='lat' dir='ltr'><strong>lilio</strong></span> <span class='ocrx_word' id='word_1_115' title='bbox 883 1040 923 1075; x_wconf 91' lang='lat' dir='ltr'><strong>et</strong></span> <span class='ocrx_word' id='word_1_116' title='bbox 954 1037 1170 1085; x_wconf 87' lang='lat' dir='ltr'><strong>Christina,</strong></span> <span class='ocrx_word' id='word_1_117' title='bbox 1202 1053 1338 1079; x_wconf 86' lang='lat' dir='ltr'><strong>sorore</strong></span> <span class='ocrx_word' id='word_1_118' title='bbox 1367 1042 1545 1093; x_wconf 80' lang='lat' dir='ltr'><strong>magistri</strong></span> <span class='ocrx_word' id='word_1_119' title='bbox 1574 1042 1799 1095; x_wconf 80' lang='lat' dir='ltr'><strong>wilgrippi.</strong></span> <span class='ocrx_word' id='word_1_120' title='bbox 1828 1065 1881 1071; x_wconf 88' lang='lat'><strong>—</strong></span> <span class='ocrx_word' id='word_1_121' title='bbox 1909 1042 1982 1082; x_wconf 83' lang='lat' dir='ltr'><strong>Xl.</strong></span> <span class='ocrx_word' id='word_1_122' title='bbox 2012 1044 2086 1084; x_wconf 88' lang='lat' dir='ltr'><strong>cal.</strong></span> <span class='ocrx_word' id='word_1_123' title='bbox 2114 1043 2261 1084; x_wconf 88' lang='lat' dir='ltr'><strong>Novbr.</strong></span> 
     </span>
     <span class='ocr_line' id='line_1_14' title="bbox 445 1103 988 1147; baseline 0.007 -12"><span class='ocrx_word' id='word_1_124' title='bbox 445 1103 632 1144; x_wconf 84' lang='lat' dir='ltr'><strong>Langebck</strong></span> <span class='ocrx_word' id='word_1_125' title='bbox 657 1103 795 1147; x_wconf 83' lang='lat' dir='ltr'><strong>Scriptt.</strong></span> <span class='ocrx_word' id='word_1_126' title='bbox 821 1107 883 1138; x_wconf 77' lang='lat' dir='ltr'><strong>Vl.</strong></span> <span class='ocrx_word' id='word_1_127' title='bbox 909 1107 988 1139; x_wconf 81' lang='lat'>416.</span> 
     </span>
    </p>
   </div>
   <div class='ocr_carea' id='block_1_4' title="bbox 49 1164 2489 1367">
    <p class='ocr_par' dir='ltr' id='par_1_6' title="bbox 49 1164 2489 1367">
     <span class='ocr_line' id='line_1_15' title="bbox 312 1164 2489 1226; baseline 0.006 -23"><span class='ocrx_word' id='word_1_128' title='bbox 312 1164 471 1213; x_wconf 79' lang='grc'><strong>[1547]</strong></span> <span class='ocrx_word' id='word_1_129' title='bbox 528 1164 653 1206; x_wconf 73' lang='lat' dir='ltr'><strong>Emer</strong></span> <span class='ocrx_word' id='word_1_130' title='bbox 684 1168 790 1218; x_wconf 79' lang='lat' dir='ltr'><strong>regis</strong></span> <span class='ocrx_word' id='word_1_131' title='bbox 820 1169 1033 1220; x_wconf 83' lang='lat' dir='ltr'><strong>appellatio</strong></span> <span class='ocrx_word' id='word_1_132' title='bbox 1064 1169 1113 1208; x_wconf 88' lang='lat' dir='ltr'><strong>ad</strong></span> <span class='ocrx_word' id='word_1_133' title='bbox 1152 1170 1289 1211; x_wconf 86' lang='lat' dir='ltr'><strong>sedem</strong></span> <span class='ocrx_word' id='word_1_134' title='bbox 1318 1171 1580 1224; x_wconf 87' lang='lat' dir='ltr'><strong>apostolicam</strong></span> <span class='ocrx_word' id='word_1_135' title='bbox 1619 1177 1753 1212; x_wconf 90' lang='lat' dir='ltr'><strong>contra</strong></span> <span class='ocrx_word' id='word_1_136' title='bbox 1790 1187 2023 1226; x_wconf 85' lang='lat' dir='ltr'><strong>processum</strong></span> <span class='ocrx_word' id='word_1_137' title='bbox 2054 1174 2178 1214; x_wconf 90' lang='lat' dir='ltr'><strong>Isarni</strong></span> <span class='ocrx_word' id='word_1_138' title='bbox 2209 1189 2265 1214; x_wconf 88' lang='lat' dir='ltr'><strong>ar·</strong></span> <span class='ocrx_word' id='word_1_139' title='bbox 2300 1171 2334 1204; x_wconf 70' lang='lat'><strong>‘-</strong></span> <span class='ocrx_word' id='word_1_140' title='bbox 2366 1172 2489 1206; x_wconf 65' lang='lat' dir='ltr'><strong>Nm&#39;br·</strong></span> 
     </span>
     <span class='ocr_line' id='line_1_16' title="bbox 49 1233 2261 1295; baseline 0.005 -21"><span class='ocrx_word' id='word_1_141' title='bbox 49 1233 338 1287; x_wconf 82' lang='lat' dir='ltr'><strong>chipresbyteri</strong></span> <span class='ocrx_word' id='word_1_142' title='bbox 369 1234 704 1283; x_wconf 81' lang='lat' dir='ltr'><strong>carcasonensis,</strong></span> <span class='ocrx_word' id='word_1_143' title='bbox 730 1239 854 1277; x_wconf 90' lang='lat' dir='ltr'><strong>nuntii</strong></span> <span class='ocrx_word' id='word_1_144' title='bbox 885 1238 997 1278; x_wconf 84' lang='lat' dir='ltr'><strong>sedis</strong></span> <span class='ocrx_word' id='word_1_145' title='bbox 1025 1241 1277 1292; x_wconf 82' lang='lat' dir='ltr'><strong>apostolicae,</strong></span> <span class='ocrx_word' id='word_1_146' title='bbox 1316 1242 1353 1280; x_wconf 95' lang='lat' dir='ltr'><strong>in</strong></span> <span class='ocrx_word' id='word_1_147' title='bbox 1380 1255 1501 1280; x_wconf 88' lang='lat' dir='ltr'><strong>causa</strong></span> <span class='ocrx_word' id='word_1_148' title='bbox 1532 1243 1631 1280; x_wconf 91' lang='lat' dir='ltr'><strong>inter</strong></span> <span class='ocrx_word' id='word_1_149' title='bbox 1660 1257 1791 1295; x_wconf 81' lang='lat' dir='ltr'><strong>regem</strong></span> <span class='ocrx_word' id='word_1_150' title='bbox 1823 1248 1863 1282; x_wconf 92' lang='lat' dir='ltr'><strong>et</strong></span> <span class='ocrx_word' id='word_1_151' title='bbox 1889 1243 2108 1284; x_wconf 89' lang='lat' dir='ltr'><strong>Johannem</strong></span> <span class='ocrx_word' id='word_1_152' title='bbox 2138 1245 2261 1284; x_wconf 88' lang='lat' dir='ltr'><strong>archi-</strong></span> 
     </span>
     <span class='ocr_line' id='line_1_17' title="bbox 50 1304 2262 1367; baseline 0.005 -25"><span class='ocrx_word' id='word_1_153' title='bbox 50 1305 279 1358; x_wconf 86' lang='lat' dir='ltr'><strong>episcopum</strong></span> <span class='ocrx_word' id='word_1_154' title='bbox 325 1304 601 1354; x_wconf 87' lang='lat' dir='ltr'><strong>Lundensem3</strong></span> <span class='ocrx_word' id='word_1_155' title='bbox 643 1320 811 1347; x_wconf 91' lang='lat' dir='ltr'><strong>unacum</strong></span> <span class='ocrx_word' id='word_1_156' title='bbox 847 1308 1063 1349; x_wconf 75' lang='lat' dir='ltr'>JOHANNIS</span> <span class='ocrx_word' id='word_1_157' title='bbox 1102 1311 1336 1350; x_wconf 84' lang='lat' dir='ltr'><strong>Arusiensis</strong></span> <span class='ocrx_word' id='word_1_158' title='bbox 1374 1315 1415 1350; x_wconf 90' lang='lat' dir='ltr'><strong>et</strong></span> <span class='ocrx_word' id='word_1_159' title='bbox 1443 1311 1576 1351; x_wconf 72' lang='lat' dir='ltr'><strong>Pssrm</strong></span> <span class='ocrx_word' id='word_1_160' title='bbox 1607 1312 1884 1365; x_wconf 64' lang='lat' dir='ltr'><strong>W&#39;ibergensis</strong></span> <span class='ocrx_word' id='word_1_161' title='bbox 1921 1315 2099 1367; x_wconf 75' lang='lat' dir='ltr'><strong>episcopi</strong></span> <span class='ocrx_word' id='word_1_162' title='bbox 2137 1315 2262 1354; x_wconf 87' lang='lat' dir='ltr'><strong>literis</strong></span> 
     </span>
    </p>
   </div>
   <div class='ocr_carea' id='block_1_5' title="bbox 49 1374 2084 1491">
    <p class='ocr_par' dir='ltr' id='par_1_7' title="bbox 49 1374 2084 1491">
     <span class='ocr_line' id='line_1_18' title="bbox 49 1374 2084 1433; baseline 0.005 -20"><span class='ocrx_word' id='word_1_163' title='bbox 49 1374 383 1414; x_wconf 84' lang='lat' dir='ltr'><strong>testimonialibus</strong></span> <span class='ocrx_word' id='word_1_164' title='bbox 412 1374 461 1415; x_wconf 88' lang='lat' dir='ltr'><strong>de</strong></span> <span class='ocrx_word' id='word_1_165' title='bbox 489 1375 565 1415; x_wconf 89' lang='lat' dir='ltr'><strong>hac</strong></span> <span class='ocrx_word' id='word_1_166' title='bbox 595 1378 859 1430; x_wconf 89' lang='lat' dir='ltr'><strong>appellatione</strong></span> <span class='ocrx_word' id='word_1_167' title='bbox 889 1393 1019 1418; x_wconf 88' lang='lat' dir='ltr'><strong>coram</strong></span> <span class='ocrx_word' id='word_1_168' title='bbox 1051 1381 1151 1433; x_wconf 85' lang='lat' dir='ltr'><strong>ipsis</strong></span> <span class='ocrx_word' id='word_1_169' title='bbox 1180 1381 1298 1420; x_wconf 85' lang='lat' dir='ltr'><strong>sacta.</strong></span> <span class='ocrx_word' id='word_1_170' title='bbox 1330 1403 1379 1409; x_wconf 94' lang='lat'>—</span> <span class='ocrx_word' id='word_1_171' title='bbox 1412 1381 1651 1431; x_wconf 68' lang='lat' dir='ltr'><strong>Slaulc&#39;bsz&#39;oe,</strong></span> <span class='ocrx_word' id='word_1_172' title='bbox 1679 1396 1805 1423; x_wconf 89' lang='lat' dir='ltr'><strong>nonas</strong></span> <span class='ocrx_word' id='word_1_173' title='bbox 1834 1383 2084 1424; x_wconf 73' lang='lat' dir='ltr'><strong>Novembris.</strong></span> 
     </span>
     <span class='ocr_line' id='line_1_19' title="bbox 439 1447 1075 1491; baseline 0.006 -13"><span class='ocrx_word' id='word_1_174' title='bbox 439 1447 628 1487; x_wconf 81' lang='lat' dir='ltr'><strong>Langebek</strong></span> <span class='ocrx_word' id='word_1_175' title='bbox 653 1447 792 1491; x_wconf 85' lang='lat' dir='ltr'><strong>Scriptt.</strong></span> <span class='ocrx_word' id='word_1_176' title='bbox 817 1450 880 1482; x_wconf 83' lang='lat' dir='ltr'><strong>VI.</strong></span> <span class='ocrx_word' id='word_1_177' title='bbox 905 1447 1075 1482; x_wconf 28' lang='lat'><strong>3⁷19—50.</strong></span> 
     </span>
    </p>
   </div>
   <div class='ocr_carea' id='block_1_6' title="bbox 47 1507 2459 1706">
    <p class='ocr_par' dir='ltr' id='par_1_8' title="bbox 47 1507 2459 1706">
     <span class='ocr_line' id='line_1_20' title="bbox 308 1507 2459 1568; baseline 0.005 -22"><span class='ocrx_word' id='word_1_178' title='bbox 308 1507 465 1557; x_wconf 77' lang='grc'><strong>[1548]</strong></span> <span class='ocrx_word' id='word_1_179' title='bbox 522 1507 755 1561; x_wconf 84' lang='lat' dir='ltr'><strong>Margaretae</strong></span> <span class='ocrx_word' id='word_1_180' title='bbox 787 1509 978 1550; x_wconf 74' lang='lat' dir='ltr'><strong>thzstavi</strong></span> <span class='ocrx_word' id='word_1_181' title='bbox 1007 1511 1092 1550; x_wconf 75' lang='lat' dir='ltr'><strong>filim</strong></span> <span class='ocrx_word' id='word_1_182' title='bbox 1123 1511 1282 1550; x_wconf 88' lang='lat' dir='ltr'><strong>donatio</strong></span> <span class='ocrx_word' id='word_1_183' title='bbox 1313 1513 1428 1552; x_wconf 80' lang='lat' dir='ltr'><strong>curiae</strong></span> <span class='ocrx_word' id='word_1_184' title='bbox 1457 1512 1594 1565; x_wconf 81' lang='lat' dir='ltr'><strong>Norby</strong></span> <span class='ocrx_word' id='word_1_185' title='bbox 1630 1514 1667 1551; x_wconf 90' lang='lat' dir='ltr'><strong>in</strong></span> <span class='ocrx_word' id='word_1_186' title='bbox 1702 1512 1859 1552; x_wconf 82' lang='lat' dir='ltr'><strong>Nericia</strong></span> <span class='ocrx_word' id='word_1_187' title='bbox 1897 1518 1937 1554; x_wconf 92' lang='lat' dir='ltr'><strong>et</strong></span> <span class='ocrx_word' id='word_1_188' title='bbox 1973 1515 2139 1568; x_wconf 88' lang='lat' dir='ltr'><strong>plurium</strong></span> <span class='ocrx_word' id='word_1_189' title='bbox 2177 1516 2259 1555; x_wconf 86' lang='lat' dir='ltr'><strong>sun·</strong></span> <span class='ocrx_word' id='word_1_190' title='bbox 2316 1517 2459 1551; x_wconf 79' lang='lat'>12—17-</span> 
     </span>
     <span class='ocr_line' id='line_1_21' title="bbox 48 1577 2450 1637; baseline 0.003 -21"><span class='ocrx_word' id='word_1_191' title='bbox 48 1577 184 1617; x_wconf 90' lang='lat' dir='ltr'><strong>dorum</strong></span> <span class='ocrx_word' id='word_1_192' title='bbox 219 1577 270 1617; x_wconf 92' lang='lat' dir='ltr'><strong>ad</strong></span> <span class='ocrx_word' id='word_1_193' title='bbox 306 1577 524 1617; x_wconf 89' lang='lat' dir='ltr'><strong>claustrum</strong></span> <span class='ocrx_word' id='word_1_194' title='bbox 561 1579 791 1618; x_wconf 88' lang='lat' dir='ltr'><strong>monialium</strong></span> <span class='ocrx_word' id='word_1_195' title='bbox 834 1581 981 1620; x_wconf 87' lang='lat' dir='ltr'><strong>ordinis</strong></span> <span class='ocrx_word' id='word_1_196' title='bbox 1017 1580 1343 1629; x_wconf 79' lang='lat' dir='ltr'><strong>praedicatorum,</strong></span> <span class='ocrx_word' id='word_1_197' title='bbox 1387 1582 1492 1636; x_wconf 88' lang='lat' dir='ltr'><strong>quod</strong></span> <span class='ocrx_word' id='word_1_198' title='bbox 1522 1582 1746 1622; x_wconf 84' lang='lat' dir='ltr'><strong>Calmarniae</strong></span> <span class='ocrx_word' id='word_1_199' title='bbox 1785 1583 1946 1623; x_wconf 81' lang='lat' dir='ltr'><strong>fundare</strong></span> <span class='ocrx_word' id='word_1_200' title='bbox 1983 1590 2255 1637; x_wconf 88' lang='lat' dir='ltr'><strong>proposuerat.</strong></span> <span class='ocrx_word' id='word_1_201' title='bbox 2326 1580 2450 1613; x_wconf 55' lang='lat' dir='ltr'><strong>15⁰be-</strong></span> 
     </span>
     <span class='ocr_line' id='line_1_22' title="bbox 47 1647 2256 1706; baseline 0.004 -19"><span class='ocrx_word' id='word_1_202' title='bbox 47 1647 150 1688; x_wconf 88' lang='lat' dir='ltr'><strong>Inter</strong></span> <span class='ocrx_word' id='word_1_203' title='bbox 192 1651 322 1688; x_wconf 89' lang='lat' dir='ltr'><strong>testes</strong></span> <span class='ocrx_word' id='word_1_204' title='bbox 365 1649 587 1688; x_wconf 89' lang='lat' dir='ltr'><strong>nominatur</strong></span> <span class='ocrx_word' id='word_1_205' title='bbox 623 1648 799 1689; x_wconf 71' lang='lat' dir='ltr'><strong>OLAvus</strong></span> <span class='ocrx_word' id='word_1_206' title='bbox 837 1663 1126 1691; x_wconf 69' lang='lat' dir='ltr'><strong>Pnovmcmms</strong></span> <span class='ocrx_word' id='word_1_207' title='bbox 1163 1652 1324 1691; x_wconf 67' lang='lat' dir='ltr'><strong>Dacm.</strong></span> <span class='ocrx_word' id='word_1_208' title='bbox 1369 1674 1418 1680; x_wconf 93' lang='lat'>—</span> <span class='ocrx_word' id='word_1_209' title='bbox 1461 1653 1590 1705; x_wconf 77' lang='lat' dir='ltr'><strong>Apud</strong></span> <span class='ocrx_word' id='word_1_210' title='bbox 1624 1655 1834 1706; x_wconf 82' lang='lat' dir='ltr'><strong>antiquam</strong></span> <span class='ocrx_word' id='word_1_211' title='bbox 1865 1654 2113 1704; x_wconf 77' lang='lat' dir='ltr'><strong>Sictoniam,</strong></span> <span class='ocrx_word' id='word_1_212' title='bbox 2158 1655 2256 1695; x_wconf 86' lang='lat' dir='ltr'><strong>insta</strong></span> 
     </span>
    </p>
   </div>
   <div class='ocr_carea' id='block_1_7' title="bbox 48 1718 1584 1835">
    <p class='ocr_par' dir='ltr' id='par_1_9' title="bbox 48 1718 1584 1835">
     <span class='ocr_line' id='line_1_23' title="bbox 48 1718 685 1758; baseline -0.003 0"><span class='ocrx_word' id='word_1_213' title='bbox 48 1721 209 1758; x_wconf 88' lang='lat' dir='ltr'><strong>octavas</strong></span> <span class='ocrx_word' id='word_1_214' title='bbox 237 1718 395 1758; x_wconf 85' lang='lat' dir='ltr'><strong>Martini</strong></span> <span class='ocrx_word' id='word_1_215' title='bbox 424 1718 685 1758; x_wconf 82' lang='lat' dir='ltr'><strong>confessoris.</strong></span> 
     </span>
     <span class='ocr_line' id='line_1_24' title="bbox 440 1788 1584 1835; baseline 0.005 -15"><span class='ocrx_word' id='word_1_216' title='bbox 440 1788 617 1830; x_wconf 79' lang='lat' dir='ltr'><strong>Liljegren</strong></span> <span class='ocrx_word' id='word_1_217' title='bbox 640 1788 865 1832; x_wconf 88' lang='lat' dir='ltr'><strong>Diplomatar.</strong></span> <span class='ocrx_word' id='word_1_218' title='bbox 891 1791 1031 1823; x_wconf 86' lang='lat' dir='ltr'><strong>Svecan.</strong></span> <span class='ocrx_word' id='word_1_219' title='bbox 1056 1792 1099 1823; x_wconf 90' lang='lat' dir='ltr'><strong>II.</strong></span> <span class='ocrx_word' id='word_1_220' title='bbox 1126 1801 1180 1823; x_wconf 82' lang='lat' dir='ltr'><strong>nn.</strong></span> <span class='ocrx_word' id='word_1_221' title='bbox 1210 1791 1308 1824; x_wconf 80' lang='lat'>1291.</span> <span class='ocrx_word' id='word_1_222' title='bbox 1334 1803 1365 1835; x_wconf 90' lang='lat' dir='ltr'><strong>p.</strong></span> <span class='ocrx_word' id='word_1_223' title='bbox 1390 1793 1584 1826; x_wconf 81' lang='lat'>301—303.</span> 
     </span>
    </p>
   </div>
   <div class='ocr_carea' id='block_1_8' title="bbox 46 1849 2254 1980">
    <p class='ocr_par' dir='ltr' id='par_1_10' title="bbox 46 1849 2254 1980">
     <span class='ocr_line' id='line_1_25' title="bbox 307 1849 2254 1909; baseline 0.003 -20"><span class='ocrx_word' id='word_1_224' title='bbox 307 1850 463 1899; x_wconf 76' lang='grc'><strong>[1549]</strong></span> <span class='ocrx_word' id='word_1_225' title='bbox 520 1849 640 1889; x_wconf 80' lang='lat' dir='ltr'><strong>Emcl</strong></span> <span class='ocrx_word' id='word_1_226' title='bbox 671 1852 776 1903; x_wconf 79' lang='lat' dir='ltr'><strong>regis</strong></span> <span class='ocrx_word' id='word_1_227' title='bbox 806 1851 948 1899; x_wconf 79' lang='lat' dir='ltr'><strong>literae,</strong></span> <span class='ocrx_word' id='word_1_228' title='bbox 978 1852 1121 1905; x_wconf 90' lang='lat' dir='ltr'><strong>quibus</strong></span> <span class='ocrx_word' id='word_1_229' title='bbox 1146 1852 1507 1906; x_wconf 86' lang='lat' dir='ltr'><strong>Hindthorpmark,</strong></span> <span class='ocrx_word' id='word_1_230' title='bbox 1552 1853 1846 1902; x_wconf 84' lang='lat' dir='ltr'><strong>Groskaemark,</strong></span> <span class='ocrx_word' id='word_1_231' title='bbox 1890 1854 2254 1909; x_wconf 76' lang='lat' dir='ltr'><strong>Gyaeldthorpmark</strong></span> 
     </span>
     <span class='ocr_line' id='line_1_26' title="bbox 46 1919 2250 1980; baseline 0.003 -21"><span class='ocrx_word' id='word_1_232' title='bbox 46 1923 85 1960; x_wconf 86' lang='lat' dir='ltr'><strong>et</strong></span> <span class='ocrx_word' id='word_1_233' title='bbox 111 1919 381 1974; x_wconf 83' lang='lat' dir='ltr'><strong>Kysingmark</strong></span> <span class='ocrx_word' id='word_1_234' title='bbox 410 1934 506 1960; x_wconf 89' lang='lat' dir='ltr'><strong>esse</strong></span> <span class='ocrx_word' id='word_1_235' title='bbox 534 1920 788 1976; x_wconf 73' lang='lat' dir='ltr'><strong>„enmcerlcy”</strong></span> <span class='ocrx_word' id='word_1_236' title='bbox 818 1922 1092 1961; x_wconf 87' lang='lat' dir='ltr'><strong>canonicorum</strong></span> <span class='ocrx_word' id='word_1_237' title='bbox 1121 1922 1401 1962; x_wconf 89' lang='lat' dir='ltr'><strong>Arusiensium</strong></span> <span class='ocrx_word' id='word_1_238' title='bbox 1431 1923 1623 1972; x_wconf 85' lang='lat' dir='ltr'><strong>declarat,</strong></span> <span class='ocrx_word' id='word_1_239' title='bbox 1664 1924 1946 1978; x_wconf 87' lang='lat' dir='ltr'><strong>prohibetque,</strong></span> <span class='ocrx_word' id='word_1_240' title='bbox 1990 1939 2038 1965; x_wconf 90' lang='lat' dir='ltr'><strong>ne</strong></span> <span class='ocrx_word' id='word_1_241' title='bbox 2070 1928 2158 1979; x_wconf 80' lang='lat' dir='ltr'><strong>quis</strong></span> <span class='ocrx_word' id='word_1_242' title='bbox 2187 1941 2250 1980; x_wconf 89' lang='lat' dir='ltr'><strong>pe-</strong></span> 
     </span>
    </p>
   </div>
   <div class='ocr_carea' id='block_1_9' title="bbox 45 1983 1058 2105">
    <p class='ocr_par' dir='ltr' id='par_1_11' title="bbox 45 1983 1058 2105">
     <span class='ocr_line' id='line_1_27' title="bbox 45 1983 1058 2044; baseline 0.002 -14"><span class='ocrx_word' id='word_1_243' title='bbox 45 2003 135 2030; x_wconf 86' lang='lat' dir='ltr'><strong>cora</strong></span> <span class='ocrx_word' id='word_1_244' title='bbox 163 2004 238 2031; x_wconf 91' lang='lat' dir='ltr'><strong>sua</strong></span> <span class='ocrx_word' id='word_1_245' title='bbox 254 1983 315 2031; x_wconf 68' lang='lat' dir='ltr'><strong>&#39;eo</strong></span> <span class='ocrx_word' id='word_1_246' title='bbox 344 1991 395 2031; x_wconf 89' lang='lat' dir='ltr'><strong>ad</strong></span> <span class='ocrx_word' id='word_1_247' title='bbox 422 2004 575 2044; x_wconf 88' lang='lat' dir='ltr'><strong>pascua</strong></span> <span class='ocrx_word' id='word_1_248' title='bbox 603 1993 746 2030; x_wconf 89' lang='lat' dir='ltr'><strong>mittat.</strong></span> <span class='ocrx_word' id='word_1_249' title='bbox 779 2014 824 2019; x_wconf 94' lang='lat'><strong>—</strong></span> <span class='ocrx_word' id='word_1_250' title='bbox 857 1992 1058 2032; x_wconf 57' lang='lat' dir='ltr'><strong>Hor-mres.</strong></span> 
     </span>
     <span class='ocr_line' id='line_1_28' title="bbox 435 2062 980 2105; baseline -0.002 -10"><span class='ocrx_word' id='word_1_251' title='bbox 435 2062 625 2105; x_wconf 82' lang='lat' dir='ltr'><strong>Langebek</strong></span> <span class='ocrx_word' id='word_1_252' title='bbox 649 2062 790 2105; x_wconf 83' lang='lat' dir='ltr'><strong>Scriptt.</strong></span> <span class='ocrx_word' id='word_1_253' title='bbox 814 2062 877 2095; x_wconf 90' lang='lat' dir='ltr'><strong>VI.</strong></span> <span class='ocrx_word' id='word_1_254' title='bbox 903 2062 980 2095; x_wconf 73' lang='lat'><strong>400.</strong></span> 
     </span>
    </p>
   </div>
   <div class='ocr_carea' id='block_1_10' title="bbox 290 2162 2482 2315">
    <p class='ocr_par' dir='ltr' id='par_1_12' title="bbox 290 2162 2482 2315">
     <span class='ocr_line' id='line_1_29' title="bbox 1071 2162 2438 2220; baseline 0.007 -10"><span class='ocrx_word' id='word_1_255' title='bbox 1071 2162 1216 2212; x_wconf 80' lang='lat'>1300.</span> <span class='ocrx_word' id='word_1_256' title='bbox 2304 2179 2438 2220; x_wconf 80' lang='lat'><strong>&#39;1300.</strong></span> 
     </span>
     <span class='ocr_line' id='line_1_30' title="bbox 290 2256 2482 2315; baseline 0.002 -16"><span class='ocrx_word' id='word_1_257' title='bbox 290 2256 462 2309; x_wconf 81' lang='lat'>&#39;[1550.]</span> <span class='ocrx_word' id='word_1_258' title='bbox 519 2259 756 2300; x_wconf 75' lang='lat' dir='ltr'><strong>BoMFAcn</strong></span> <span class='ocrx_word' id='word_1_259' title='bbox 800 2258 957 2309; x_wconf 60' lang='lat' dir='ltr'><strong>(Vlllvf)</strong></span> <span class='ocrx_word' id='word_1_260' title='bbox 997 2273 1108 2313; x_wconf 79' lang='lat' dir='ltr'><strong>papae</strong></span> <span class='ocrx_word' id='word_1_261' title='bbox 1151 2260 1256 2299; x_wconf 86' lang='lat' dir='ltr'><strong>bulla</strong></span> <span class='ocrx_word' id='word_1_262' title='bbox 1284 2260 1548 2308; x_wconf 88' lang='lat' dir='ltr'><strong>mandatoria,</strong></span> <span class='ocrx_word' id='word_1_263' title='bbox 1593 2263 1783 2314; x_wconf 90' lang='lat' dir='ltr'><strong>episcopo</strong></span> <span class='ocrx_word' id='word_1_264' title='bbox 1813 2263 1984 2315; x_wconf 86' lang='lat' dir='ltr'><strong>Ripensi</strong></span> <span class='ocrx_word' id='word_1_265' title='bbox 2021 2264 2166 2309; x_wconf 89' lang='lat' dir='ltr'><strong>missa,</strong></span> <span class='ocrx_word' id='word_1_266' title='bbox 2208 2268 2252 2303; x_wconf 93' lang='lat' dir='ltr'><strong>ut</strong></span> <span class='ocrx_word' id='word_1_267' title='bbox 2275 2264 2307 2296; x_wconf 82' lang='grc'><strong>7-</strong></span> <span class='ocrx_word' id='word_1_268' title='bbox 2341 2265 2482 2300; x_wconf 73' lang='lat' dir='ltr'><strong>Januar,</strong></span> 
     </span>
    </p>
   </div>
   <div class='ocr_carea' id='block_1_11' title="bbox 41 2329 2246 2383">
    <p class='ocr_par' dir='ltr' id='par_1_13' title="bbox 41 2329 2246 2383">
     <span class='ocr_line' id='line_1_31' title="bbox 41 2329 2246 2383; baseline 0.001 -13"><span class='ocrx_word' id='word_1_269' title='bbox 41 2329 144 2370; x_wconf 88' lang='lat' dir='ltr'><strong>bona</strong></span> <span class='ocrx_word' id='word_1_270' title='bbox 172 2329 386 2383; x_wconf 86' lang='lat' dir='ltr'><strong>hospitalis</strong></span> <span class='ocrx_word' id='word_1_271' title='bbox 415 2332 542 2371; x_wconf 89' lang='lat' dir='ltr'><strong>sancti</strong></span> <span class='ocrx_word' id='word_1_272' title='bbox 571 2332 738 2383; x_wconf 89' lang='lat' dir='ltr'><strong>spiritus</strong></span> <span class='ocrx_word' id='word_1_273' title='bbox 766 2330 959 2382; x_wconf 83' lang='lat' dir='ltr'><strong>Ripensis</strong></span> <span class='ocrx_word' id='word_1_274' title='bbox 989 2330 1124 2369; x_wconf 89' lang='lat' dir='ltr'><strong>illicite</strong></span> <span class='ocrx_word' id='word_1_275' title='bbox 1155 2330 1324 2370; x_wconf 88' lang='lat' dir='ltr'><strong>alienata</strong></span> <span class='ocrx_word' id='word_1_276' title='bbox 1351 2332 1413 2370; x_wconf 86' lang='lat' dir='ltr'><strong>vel</strong></span> <span class='ocrx_word' id='word_1_277' title='bbox 1450 2331 1640 2370; x_wconf 88' lang='lat' dir='ltr'><strong>distracta</strong></span> <span class='ocrx_word' id='word_1_278' title='bbox 1675 2331 1804 2371; x_wconf 90' lang='lat' dir='ltr'><strong>eidem</strong></span> <span class='ocrx_word' id='word_1_279' title='bbox 1841 2334 1994 2371; x_wconf 88' lang='lat' dir='ltr'><strong>restitui</strong></span> <span class='ocrx_word' id='word_1_280' title='bbox 2031 2333 2160 2372; x_wconf 85' lang='lat' dir='ltr'><strong>saciat.</strong></span> <span class='ocrx_word' id='word_1_281' title='bbox 2198 2355 2246 2362; x_wconf 90' lang='lat'>—</span> 
     </span>
    </p>
   </div>
   <div class='ocr_carea' id='block_1_12' title="bbox 36 2399 2496 3200">
    <p class='ocr_par' dir='ltr' id='par_1_14' title="bbox 36 2399 2496 3200">
     <span class='ocr_line' id='line_1_32' title="bbox 42 2399 1260 2454; baseline -0.002 -13"><span class='ocrx_word' id='word_1_282' title='bbox 42 2399 268 2450; x_wconf 78' lang='lat' dir='ltr'><strong>Laterani,</strong></span> <span class='ocrx_word' id='word_1_283' title='bbox 297 2400 385 2440; x_wconf 86' lang='lat' dir='ltr'><strong>Vll.</strong></span> <span class='ocrx_word' id='word_1_284' title='bbox 413 2401 469 2440; x_wconf 90' lang='lat' dir='ltr'><strong>id.</strong></span> <span class='ocrx_word' id='word_1_285' title='bbox 497 2401 695 2447; x_wconf 86' lang='lat' dir='ltr'><strong>Januarii,</strong></span> <span class='ocrx_word' id='word_1_286' title='bbox 723 2400 973 2454; x_wconf 82' lang='lat' dir='ltr'><strong>pontificatus</strong></span> <span class='ocrx_word' id='word_1_287' title='bbox 1003 2413 1103 2438; x_wconf 89' lang='lat' dir='ltr'><strong>anno</strong></span> <span class='ocrx_word' id='word_1_288' title='bbox 1133 2405 1260 2439; x_wconf 81' lang='lat' dir='ltr'><strong>sexto.</strong></span> 
     </span>
     <span class='ocr_line' id='line_1_33' title="bbox 437 2469 1130 2514; baseline -0.003 -10"><span class='ocrx_word' id='word_1_289' title='bbox 437 2472 612 2514; x_wconf 81' lang='lat' dir='ltr'><strong>Terpager</strong></span> <span class='ocrx_word' id='word_1_290' title='bbox 634 2470 728 2513; x_wconf 81' lang='lat' dir='ltr'><strong>Ripae</strong></span> <span class='ocrx_word' id='word_1_291' title='bbox 753 2470 878 2502; x_wconf 83' lang='lat' dir='ltr'><strong>Cimbr.</strong></span> <span class='ocrx_word' id='word_1_292' title='bbox 904 2480 936 2512; x_wconf 84' lang='lat' dir='ltr'><strong>p.</strong></span> <span class='ocrx_word' id='word_1_293' title='bbox 960 2469 1130 2502; x_wconf 79' lang='lat'>512—13.</span> 
     </span>
     <span class='ocr_line' id='line_1_34' title="bbox 304 2530 2467 2584; baseline 0.001 -13"><span class='ocrx_word' id='word_1_294' title='bbox 304 2532 460 2581; x_wconf 86' lang='grc'><strong>[1551]</strong></span> <span class='ocrx_word' id='word_1_295' title='bbox 516 2532 646 2572; x_wconf 76' lang='lat' dir='ltr'><strong>Emer</strong></span> <span class='ocrx_word' id='word_1_296' title='bbox 675 2533 782 2584; x_wconf 86' lang='lat' dir='ltr'><strong>regis</strong></span> <span class='ocrx_word' id='word_1_297' title='bbox 811 2531 1050 2570; x_wconf 82' lang='lat' dir='ltr'><strong>confirmatio</strong></span> <span class='ocrx_word' id='word_1_298' title='bbox 1080 2530 1368 2582; x_wconf 80' lang='lat' dir='ltr'><strong>privilegiorum</strong></span> <span class='ocrx_word' id='word_1_299' title='bbox 1393 2530 1599 2570; x_wconf 87' lang='lat' dir='ltr'><strong>monachis</strong></span> <span class='ocrx_word' id='word_1_300' title='bbox 1614 2530 1925 2572; x_wconf 87' lang='lat' dir='ltr'><strong>Esromensibus</strong></span> <span class='ocrx_word' id='word_1_301' title='bbox 1953 2547 2247 2583; x_wconf 85' lang='lat' dir='ltr'><strong>concessorum,</strong></span> <span class='ocrx_word' id='word_1_302' title='bbox 2281 2545 2315 2577; x_wconf 87' lang='grc'><strong>3.</strong></span> <span class='ocrx_word' id='word_1_303' title='bbox 2339 2545 2467 2578; x_wconf 72' lang='lat' dir='ltr'><strong>Martii,</strong></span> 
     </span>
     <span class='ocr_line' id='line_1_35' title="bbox 41 2600 2245 2656; baseline 0.002 -16"><span class='ocrx_word' id='word_1_304' title='bbox 41 2600 194 2641; x_wconf 87' lang='lat' dir='ltr'><strong>“donec</strong></span> <span class='ocrx_word' id='word_1_305' title='bbox 222 2615 310 2641; x_wconf 89' lang='lat' dir='ltr'><strong>cum</strong></span> <span class='ocrx_word' id='word_1_306' title='bbox 338 2603 580 2642; x_wconf 86' lang='lat' dir='ltr'><strong>consiliariis</strong></span> <span class='ocrx_word' id='word_1_307' title='bbox 609 2604 758 2642; x_wconf 89' lang='lat' dir='ltr'><strong>nostris</strong></span> <span class='ocrx_word' id='word_1_308' title='bbox 787 2600 1071 2647; x_wconf 82' lang='lat' dir='ltr'><strong>deliberemus,</strong></span> <span class='ocrx_word' id='word_1_309' title='bbox 1108 2600 1200 2653; x_wconf 87' lang='lat' dir='ltr'><strong>quid</strong></span> <span class='ocrx_word' id='word_1_310' title='bbox 1229 2614 1317 2639; x_wconf 89' lang='lat' dir='ltr'><strong>cum</strong></span> <span class='ocrx_word' id='word_1_311' title='bbox 1347 2601 1449 2653; x_wconf 87' lang='lat' dir='ltr'><strong>ipsis</strong></span> <span class='ocrx_word' id='word_1_312' title='bbox 1478 2604 1518 2640; x_wconf 89' lang='lat' dir='ltr'><strong>et</strong></span> <span class='ocrx_word' id='word_1_313' title='bbox 1546 2603 1690 2640; x_wconf 89' lang='lat' dir='ltr'><strong>ceteris</strong></span> <span class='ocrx_word' id='word_1_314' title='bbox 1719 2602 1994 2641; x_wconf 89' lang='lat' dir='ltr'><strong>claustralibus</strong></span> <span class='ocrx_word' id='word_1_315' title='bbox 2031 2617 2149 2656; x_wconf 87' lang='lat' dir='ltr'><strong>super</strong></span> <span class='ocrx_word' id='word_1_316' title='bbox 2176 2605 2245 2644; x_wconf 87' lang='lat' dir='ltr'><strong>hu·</strong></span> 
     </span>
     <span class='ocr_line' id='line_1_36' title="bbox 36 2670 2242 2725; baseline 0.001 -13"><span class='ocrx_word' id='word_1_317' title='bbox 36 2671 214 2724; x_wconf 81' lang='lat' dir='ltr'><strong>jusmodi</strong></span> <span class='ocrx_word' id='word_1_318' title='bbox 242 2672 492 2712; x_wconf 86' lang='lat' dir='ltr'><strong>libertatibus</strong></span> <span class='ocrx_word' id='word_1_319' title='bbox 521 2674 577 2712; x_wconf 89' lang='lat' dir='ltr'><strong>sit</strong></span> <span class='ocrx_word' id='word_1_320' title='bbox 603 2672 834 2725; x_wconf 83' lang='lat' dir='ltr'><strong>agendum”.</strong></span> <span class='ocrx_word' id='word_1_321' title='bbox 858 2693 911 2699; x_wconf 93' lang='lat'>—</span> <span class='ocrx_word' id='word_1_322' title='bbox 935 2670 1153 2722; x_wconf 68' lang='lat' dir='ltr'><strong>Sioburssle,</strong></span> <span class='ocrx_word' id='word_1_323' title='bbox 1183 2670 1277 2708; x_wconf 85' lang='lat' dir='ltr'><strong>seria</strong></span> <span class='ocrx_word' id='word_1_324' title='bbox 1302 2672 1435 2722; x_wconf 87' lang='lat' dir='ltr'><strong>quinta</strong></span> <span class='ocrx_word' id='word_1_325' title='bbox 1457 2672 1635 2722; x_wconf 83' lang='lat' dir='ltr'><strong>proxima</strong></span> <span class='ocrx_word' id='word_1_326' title='bbox 1658 2675 1752 2724; x_wconf 88' lang='lat' dir='ltr'><strong>post</strong></span> <span class='ocrx_word' id='word_1_327' title='bbox 1774 2670 2008 2711; x_wconf 87' lang='lat' dir='ltr'><strong>dominicam</strong></span> <span class='ocrx_word' id='word_1_328' title='bbox 2031 2672 2242 2714; x_wconf 85' lang='lat' dir='ltr'><strong>Invocavit.</strong></span> 
     </span>
     <span class='ocr_line' id='line_1_37' title="bbox 434 2740 1448 2786; baseline -0.005 -10"><span class='ocrx_word' id='word_1_329' title='bbox 434 2743 620 2785; x_wconf 78' lang='lat' dir='ltr'><strong>Langebek</strong></span> <span class='ocrx_word' id='word_1_330' title='bbox 645 2743 782 2786; x_wconf 86' lang='lat' dir='ltr'><strong>Scriptt.</strong></span> <span class='ocrx_word' id='word_1_331' title='bbox 807 2743 869 2775; x_wconf 88' lang='lat' dir='ltr'><strong>IX.</strong></span> <span class='ocrx_word' id='word_1_332' title='bbox 962 2764 972 2773; x_wconf 94' lang='lat'><strong>.</strong></span> <span class='ocrx_word' id='word_1_333' title='bbox 1020 2740 1103 2772; x_wconf 79' lang='lat' dir='ltr'><strong>Cod.</strong></span> <span class='ocrx_word' id='word_1_334' title='bbox 1128 2741 1261 2772; x_wconf 85' lang='lat' dir='ltr'><strong>Esrom.</strong></span> <span class='ocrx_word' id='word_1_335' title='bbox 1287 2740 1348 2772; x_wconf 75' lang='lat' dir='ltr'><strong>fol.</strong></span> <span class='ocrx_word' id='word_1_336' title='bbox 1372 2740 1448 2772; x_wconf 81' lang='lat' dir='ltr'><strong>Lu.</strong></span> 
     </span>
     <span class='ocr_line' id='line_1_38' title="bbox 303 2800 2496 2863; baseline 0 -20"><span class='ocrx_word' id='word_1_337' title='bbox 303 2804 459 2854; x_wconf 74' lang='grc'><strong>[1552]</strong></span> <span class='ocrx_word' id='word_1_338' title='bbox 516 2804 660 2844; x_wconf 86' lang='lat' dir='ltr'><strong>Literae</strong></span> <span class='ocrx_word' id='word_1_339' title='bbox 696 2805 942 2843; x_wconf 64' lang='lat' dir='ltr'><strong>Hmmnmcr</strong></span> <span class='ocrx_word' id='word_1_340' title='bbox 983 2802 1125 2854; x_wconf 88' lang='lat' dir='ltr'><strong>prioris</strong></span> <span class='ocrx_word' id='word_1_341' title='bbox 1169 2803 1370 2853; x_wconf 87' lang='lat' dir='ltr'><strong>totiusque</strong></span> <span class='ocrx_word' id='word_1_342' title='bbox 1413 2804 1630 2840; x_wconf 87' lang='lat' dir='ltr'><strong>conventus</strong></span> <span class='ocrx_word' id='word_1_343' title='bbox 1667 2801 1826 2840; x_wconf 82' lang='lat' dir='ltr'><strong>fratrum</strong></span> <span class='ocrx_word' id='word_1_344' title='bbox 1863 2800 2166 2844; x_wconf 83' lang='lat' dir='ltr'><strong>Praedicatomm</strong></span> <span class='ocrx_word' id='word_1_345' title='bbox 2203 2807 2326 2852; x_wconf 79' lang='lat' dir='ltr'><strong>in12,</strong></span> <span class='ocrx_word' id='word_1_346' title='bbox 2351 2820 2496 2863; x_wconf 59' lang='lat' dir='ltr'><strong>Aprilis,</strong></span> 
     </span>
     <span class='ocr_line' id='line_1_39' title="bbox 38 2870 2241 2927; baseline 0 -13"><span class='ocrx_word' id='word_1_347' title='bbox 38 2873 165 2921; x_wconf 86' lang='lat' dir='ltr'><strong>Arus,</strong></span> <span class='ocrx_word' id='word_1_348' title='bbox 195 2873 341 2927; x_wconf 87' lang='lat' dir='ltr'><strong>quihus</strong></span> <span class='ocrx_word' id='word_1_349' title='bbox 370 2874 589 2924; x_wconf 89' lang='lat' dir='ltr'><strong>declarant,</strong></span> <span class='ocrx_word' id='word_1_350' title='bbox 619 2889 666 2914; x_wconf 90' lang='lat' dir='ltr'><strong>se</strong></span> <span class='ocrx_word' id='word_1_351' title='bbox 695 2873 890 2927; x_wconf 82' lang='lat' dir='ltr'><strong>quandam</strong></span> <span class='ocrx_word' id='word_1_352' title='bbox 918 2876 1067 2925; x_wconf 90' lang='lat' dir='ltr'><strong>partem</strong></span> <span class='ocrx_word' id='word_1_353' title='bbox 1097 2870 1289 2917; x_wconf 81' lang='lat' dir='ltr'><strong>tabernae,</strong></span> <span class='ocrx_word' id='word_1_354' title='bbox 1332 2872 1433 2923; x_wconf 88' lang='lat' dir='ltr'><strong>ipsis</strong></span> <span class='ocrx_word' id='word_1_355' title='bbox 1461 2884 1484 2910; x_wconf 92' lang='lat' dir='ltr'><strong>a</strong></span> <span class='ocrx_word' id='word_1_356' title='bbox 1513 2871 1670 2910; x_wconf 89' lang='lat' dir='ltr'><strong>domina</strong></span> <span class='ocrx_word' id='word_1_357' title='bbox 1698 2871 1906 2919; x_wconf 83' lang='lat' dir='ltr'><strong>Katerina,</strong></span> <span class='ocrx_word' id='word_1_358' title='bbox 1947 2873 2083 2913; x_wconf 89' lang='lat' dir='ltr'><strong>relicta</strong></span> <span class='ocrx_word' id='word_1_359' title='bbox 2110 2875 2241 2916; x_wconf 86' lang='lat' dir='ltr'><strong>Robe-</strong></span> 
     </span>
     <span class='ocr_line' id='line_1_40' title="bbox 38 2928 2049 2998; baseline -0.001 -15"><span class='ocrx_word' id='word_1_360' title='bbox 38 2928 167 2991; x_wconf 70' lang='lat' dir='ltr'><strong>lxinni,</strong></span> <span class='ocrx_word' id='word_1_361' title='bbox 195 2943 399 2992; x_wconf 88' lang='lat' dir='ltr'><strong>collatam,</strong></span> <span class='ocrx_word' id='word_1_362' title='bbox 429 2944 587 2984; x_wconf 89' lang='lat' dir='ltr'><strong>domino</strong></span> <span class='ocrx_word' id='word_1_363' title='bbox 616 2945 827 2998; x_wconf 83' lang='lat' dir='ltr'><strong>praeposito</strong></span> <span class='ocrx_word' id='word_1_364' title='bbox 857 2943 1001 2995; x_wconf 78' lang='lat' dir='ltr'><strong>Magno</strong></span> <span class='ocrx_word' id='word_1_365' title='bbox 1031 2940 1272 2980; x_wconf 88' lang='lat' dir='ltr'><strong>vendidisse.</strong></span> <span class='ocrx_word' id='word_1_366' title='bbox 1300 2961 1353 2968; x_wconf 88' lang='lat'>—</span> <span class='ocrx_word' id='word_1_367' title='bbox 1382 2942 1513 2988; x_wconf 73' lang='lat' dir='ltr'><strong>Aras,</strong></span> <span class='ocrx_word' id='word_1_368' title='bbox 1544 2942 1658 2980; x_wconf 88' lang='lat' dir='ltr'><strong>tertia</strong></span> <span class='ocrx_word' id='word_1_369' title='bbox 1686 2940 1781 2980; x_wconf 87' lang='lat' dir='ltr'><strong>seria</strong></span> <span class='ocrx_word' id='word_1_370' title='bbox 1809 2941 1982 2993; x_wconf 81' lang='lat' dir='ltr'><strong>paschae.</strong></span> <span class='ocrx_word' id='word_1_371' title='bbox 2047 2965 2049 2967; x_wconf 60' lang='lat'>&gt;</span> 
     </span>
     <span class='ocr_line' id='line_1_41' title="bbox 429 3012 973 3057; baseline -0.009 -9"><span class='ocrx_word' id='word_1_372' title='bbox 429 3015 616 3056; x_wconf 80' lang='lat' dir='ltr'><strong>Langebek</strong></span> <span class='ocrx_word' id='word_1_373' title='bbox 641 3014 782 3057; x_wconf 86' lang='lat' dir='ltr'><strong>Scriptt.</strong></span> <span class='ocrx_word' id='word_1_374' title='bbox 806 3013 868 3045; x_wconf 92' lang='lat' dir='ltr'><strong>VI.</strong></span> <span class='ocrx_word' id='word_1_375' title='bbox 894 3012 973 3044; x_wconf 77' lang='lat'><strong>416.</strong></span> 
     </span>
     <span class='ocr_line' id='line_1_42' title="bbox 301 3069 2495 3131; baseline -0.004 -16"><span class='ocrx_word' id='word_1_376' title='bbox 301 3075 457 3125; x_wconf 82' lang='grc'><strong>[1553]</strong></span> <span class='ocrx_word' id='word_1_377' title='bbox 513 3076 667 3116; x_wconf 68' lang='lat' dir='ltr'><strong>Jacom</strong></span> <span class='ocrx_word' id='word_1_378' title='bbox 704 3075 864 3114; x_wconf 86' lang='lat' dir='ltr'><strong>comitis</strong></span> <span class='ocrx_word' id='word_1_379' title='bbox 897 3071 1114 3112; x_wconf 88' lang='lat' dir='ltr'><strong>Hallandiae</strong></span> <span class='ocrx_word' id='word_1_380' title='bbox 1160 3070 1431 3122; x_wconf 85' lang='lat' dir='ltr'><strong>oppignoratio</strong></span> <span class='ocrx_word' id='word_1_381' title='bbox 1472 3069 1661 3110; x_wconf 89' lang='lat' dir='ltr'><strong>bonorum</strong></span> <span class='ocrx_word' id='word_1_382' title='bbox 1699 3070 1943 3111; x_wconf 42' lang='lat' dir='ltr'><strong>Herleesain</strong></span> <span class='ocrx_word' id='word_1_383' title='bbox 1980 3073 2321 3126; x_wconf 65' lang='lat' dir='ltr'><strong>Grymatuna,13.</strong></span> <span class='ocrx_word' id='word_1_384' title='bbox 2354 3088 2495 3131; x_wconf 42' lang='lat' dir='ltr'><strong>Aprilis,</strong></span> 
     </span>
     <span class='ocr_line' id='line_1_43' title="bbox 38 3138 2242 3200; baseline -0.001 -14"><span class='ocrx_word' id='word_1_385' title='bbox 38 3145 231 3200; x_wconf 80' lang='lat' dir='ltr'><strong>Jonsryth</strong></span> <span class='ocrx_word' id='word_1_386' title='bbox 259 3149 300 3186; x_wconf 87' lang='lat' dir='ltr'><strong>et</strong></span> <span class='ocrx_word' id='word_1_387' title='bbox 327 3145 559 3198; x_wconf 85' lang='lat' dir='ltr'><strong>Straksryth</strong></span> <span class='ocrx_word' id='word_1_388' title='bbox 589 3159 678 3190; x_wconf 88' lang='lat' dir='ltr'><strong>cum</strong></span> <span class='ocrx_word' id='word_1_389' title='bbox 707 3144 956 3198; x_wconf 90' lang='lat' dir='ltr'><strong>adjacentiis,</strong></span> <span class='ocrx_word' id='word_1_390' title='bbox 985 3156 1055 3195; x_wconf 87' lang='lat' dir='ltr'><strong>pro</strong></span> <span class='ocrx_word' id='word_1_391' title='bbox 1087 3141 1313 3193; x_wconf 84' lang='lat' dir='ltr'><strong>quingentis</strong></span> <span class='ocrx_word' id='word_1_392' title='bbox 1341 3138 1514 3179; x_wconf 85' lang='lat' dir='ltr'><strong>marchis</strong></span> <span class='ocrx_word' id='word_1_393' title='bbox 1542 3141 1690 3193; x_wconf 88' lang='lat' dir='ltr'><strong>argenti</strong></span> <span class='ocrx_word' id='word_1_394' title='bbox 1713 3140 1764 3180; x_wconf 90' lang='lat' dir='ltr'><strong>ad</strong></span> <span class='ocrx_word' id='word_1_395' title='bbox 1790 3140 2002 3181; x_wconf 89' lang='lat' dir='ltr'><strong>Henricum</strong></span> <span class='ocrx_word' id='word_1_396' title='bbox 2030 3143 2171 3197; x_wconf 90' lang='lat' dir='ltr'><strong>Moryn</strong></span> <span class='ocrx_word' id='word_1_397' title='bbox 2200 3150 2242 3186; x_wconf 84' lang='lat' dir='ltr'><strong>et</strong></span> 
     </span>
    </p>
   </div>
   <div class='ocr_carea' id='block_1_13' title="bbox 40 3213 2234 3329">
    <p class='ocr_par' dir='ltr' id='par_1_15' title="bbox 40 3213 2234 3329">
     <span class='ocr_line' id='line_1_44' title="bbox 40 3213 1790 3269; baseline -0.005 -13"><span class='ocrx_word' id='word_1_398' title='bbox 40 3216 130 3269; x_wconf 87' lang='lat' dir='ltr'><strong>ejus</strong></span> <span class='ocrx_word' id='word_1_399' title='bbox 156 3215 347 3256; x_wconf 88' lang='lat' dir='ltr'><strong>haeredes.</strong></span> <span class='ocrx_word' id='word_1_400' title='bbox 377 3237 426 3245; x_wconf 91' lang='lat'><em>-</em></span> <span class='ocrx_word' id='word_1_401' title='bbox 459 3214 612 3264; x_wconf 81' lang='lat' dir='ltr'><strong>Quarto</strong></span> <span class='ocrx_word' id='word_1_402' title='bbox 641 3215 706 3254; x_wconf 89' lang='lat' dir='ltr'><strong>die</strong></span> <span class='ocrx_word' id='word_1_403' title='bbox 734 3213 906 3266; x_wconf 78' lang='lat' dir='ltr'><strong>paschae.</strong></span> <span class='ocrx_word' id='word_1_404' title='bbox 1786 3260 1790 3263; x_wconf 8' lang='lat' dir='ltr'><strong>p</strong></span> 
     </span>
     <span class='ocr_line' id='line_1_45' title="bbox 429 3279 2234 3329; baseline -0.001 -11"><span class='ocrx_word' id='word_1_405' title='bbox 429 3284 607 3326; x_wconf 72' lang='lat' dir='ltr'><strong>Liliegren</strong></span> <span class='ocrx_word' id='word_1_406' title='bbox 638 3284 861 3329; x_wconf 85' lang='lat' dir='ltr'><strong>Diplomatar.</strong></span> <span class='ocrx_word' id='word_1_407' title='bbox 895 3284 1036 3316; x_wconf 77' lang='lat' dir='ltr'><strong>Svecan.</strong></span> <span class='ocrx_word' id='word_1_408' title='bbox 1068 3280 1112 3315; x_wconf 89' lang='lat'><strong>11.</strong></span> <span class='ocrx_word' id='word_1_409' title='bbox 1145 3290 1200 3314; x_wconf 85' lang='lat' dir='ltr'><strong>no.</strong></span> <span class='ocrx_word' id='word_1_410' title='bbox 1234 3280 1331 3314; x_wconf 80' lang='lat'>1³08.</span> <span class='ocrx_word' id='word_1_411' title='bbox 1363 3290 1397 3324; x_wconf 77' lang='lat' dir='ltr'><strong>p.</strong></span> <span class='ocrx_word' id='word_1_412' title='bbox 1428 3279 1602 3314; x_wconf 77' lang='lat'><strong>319—20.</strong></span> <span class='ocrx_word' id='word_1_413' title='bbox 1662 3280 1737 3316; x_wconf 75' lang='lat' dir='ltr'><strong>Csr.</strong></span> <span class='ocrx_word' id='word_1_414' title='bbox 1767 3281 1874 3317; x_wconf 81' lang='lat' dir='ltr'><strong>thm</strong></span> <span class='ocrx_word' id='word_1_415' title='bbox 1903 3282 1993 3319; x_wconf 68' lang='lat' dir='ltr'><strong>mst.</strong></span> <span class='ocrx_word' id='word_1_416' title='bbox 2026 3283 2069 3318; x_wconf 75' lang='lat' dir='ltr'><strong>af</strong></span> <span class='ocrx_word' id='word_1_417' title='bbox 2085 3284 2234 3319; x_wconf 73' lang='lat' dir='ltr'><strong>Dnnmk.</strong></span> 
     </span>
    </p>
   </div>
   <div class='ocr_carea' id='block_1_14' title="bbox 428 3345 595 3380">
    <p class='ocr_par' dir='ltr' id='par_1_16' title="bbox 428 3345 595 3380">
     <span class='ocr_line' id='line_1_46' title="bbox 428 3345 595 3380; baseline 0.006 -1"><span class='ocrx_word' id='word_1_418' title='bbox 428 3346 491 3379; x_wconf 86' lang='lat' dir='ltr'><strong>XI.</strong></span> <span class='ocrx_word' id='word_1_419' title='bbox 515 3345 595 3380; x_wconf 88' lang='grc'><strong>360.</strong></span> 
     </span>
    </p>
   </div>
  </div>
 </body>
</html>
