2649 3686
149 333 267 374 1272.

122 405 156 435 3.
191 402 290 435 Julii.

118 541 169 572 10.
197 540 290 572 Julii.

117 1071 166 1101 10.
204 1069 299 1103 Julii.

114 1483 162 1514 ll.
201 1480 293 1514 Julii.

113 1886 163 1918 13.
199 1884 293 1917 Julii.

95 2080 144 2111 18.
173 2079 307 2112 Octobr.

98 2365 148 2397 18.
175 2364 309 2396 Octobr.

106 2711 154 2742 18.
182 2709 316 2743 Octobr.

342 161 439 211 150
1173 149 1326 197 KoxG
1358 144 1490 192 ΕΒΗ(
1526 141 1780 191 Gmpmm.

339 225 2542 258 —f———s

598 328 753 380 [1208]
810 326 936 366 Emer
966 325 1072 376 regis
1099 321 1233 362 Daniae
1262 315 1527 371 privilegium,
1559 326 1635 365 quo
1659 311 1953 350 Sleswicenses
1978 323 2002 349 a
2024 309 2222 349 solutione
2252 309 2544 364 “Amaeqialoe’

341 405 452 445 liberi
483 402 736 442 declarantur.
769 418 817 424 —
851 392 1043 441 Βίωνι-ἰῆς,
1074 393 1112 431 in
1142 389 1311 429 crastino
1340 385 1463 424 beatae
1492 382 1682 434 Virginis.

732 465 843 499 Noodt
867 467 1037 506 Beytragc
1062 462 1088 493 1.
1113 471 1144 502 p.
1172 457 1246 489 167.

601 528 756 578 [1209]
813 526 956 565 Literae
984 522 1126 573 Esgeri
1149 517 1342 569 Ripensis
1372 513 1567 567 episcopi,
1597 509 1743 564 quibus
1769 513 1950 557 testatur,
1980 523 2040 557 se,
2070 523 2159 551 cum
2184 511 2264 562 ipsi
2287 513 2383 549 “rex
2411 510 2543 552 Daeiae

341 602 442 643 Abel
472 601 689 640 claustrum
719 601 759 636 et
790 598 1023 635 conventum
1054 590 1102 628 de
1130 588 1240 627 Loco
1269 586 1345 625 Dei
1375 611 1523 623 ......
1562 581 1613 620 ad
1642 581 1854 620 ecclesiam
1883 579 2088 619 Breduath
2117 580 2414 633 praesentavit'',
2456 594 2544 620 ean-

339 674 428 712 dem
456 670 664 710 ecclcsiam
695 664 901 705 conventui
930 659 1115 713 praedicto
1155 655 1341 695 canonice
1381 652 1623 698 contulisse,
1665 650 2095 704 praesentationemque
2131 653 2172 689 et
2206 663 2229 688 a
2259 649 2544 702 Christophoro

339 756 431 793 rege
460 753 552 779 esse
584 735 838 789 approbatam
869 736 908 770 et
945 743 967 768 a
997 728 1179 767 Guidone
1222 722 1435 768 cardinale,
1478 720 1709 774 apostolicae
1746 720 1860 759 sedis
1897 721 1936 759 in
1964 720 2131 759 Daciam
2168 719 2371 772 delegato,
2413 721 2545 759 confir-

340 815 497 851 matam.
526 830 578 838 -—
606 805 733 858 4pud
757 804 916 843 Locum
944 798 1048 843 Dei,
1080 798 1116 834 in
1148 794 1212 833 die
1243 796 1466 832 sanctorum
1497 794 1653 843 septem
1685 790 1859 829 fratrum.

726 869 912 911 Langebek
937 866 1074 908 Scriptt.
1099 864 1196 896 v.111
1226 863 1300 894 123,
1326 861 1359 893 in
1384 863 1481 893 trans
1486 860 1615 903 scripto
1642 860 1817 893 Bondonis
1843 859 1989 903 episcopi
2015 859 2242 893 slesvicensis
2268 859 2309 891 de
2334 869 2421 892 anno
2449 858 2546 893 1277.

729 932 830 965 Aliud
856 930 972 962 harum
998 927 1174 959 literarum
1201 922 1463 965 transscriptum
1488 921 1657 954 invenitur
1683 921 1764 955 ibid.
1790 932 1823 964 p.
1851 921 2029 963 118-19,
2068 921 2103 953 in
2134 932 2197 965 qno
2231 924 2346 954 tamen
2378 921 2483 954 verba
2508 921 2548 954 de

724 990 974 1026 confirmatione
1000 986 1189 1026 Guidonis,
1220 984 1299 1017 vitio
1326 985 1476 1016 fortasse
1502 983 1745 1026 exscriptoris,
1772 987 1851 1016 sunt
1877 983 2019 1016 omissa.

594 1056 749 1105 [1210]
806 1052 969 1096 Literae,
1000 1048 1144 1102 quibus
1173 1046 1373 1085 Esesnus
1404 1046 1624 1099 episcopus
1652 1045 1848 1098 Ripensis
1879 1046 2073 1091 “vicario,
2111 1045 2178 1097 qui
2214 1058 2318 1083 nunc
2346 1048 2411 1084 est
2439 1045 2548 1083 insti-

335 1136 442 1171 tutus
481 1132 518 1168 in
556 1126 725 1166 ecclesia
763 1123 811 1162 de
847 1118 1094 1164 Bredeuath,
1134 1121 1174 1156 et
1215 1115 1398 1155 omnibus
1436 1115 1528 1154 aliis
1563 1117 1726 1154 vicariis
1763 1116 1800 1154 in
1837 1118 2043 1168 posterum
2082 1114 2231 1154 ibidem
2268 1114 2548 1154 instituendis'’

335 1200 514 1244 mandat,
544 1201 613 1234 “ut
641 1209 663 1234 a
691 1193 794 1232 nullo
824 1191 954 1230 locent
982 1188 1193 1228 ecclesiam
1223 1184 1440 1232 Breduath,
1472 1186 1546 1224 nisi
1577 1185 1626 1225 ab
1656 1185 1800 1225 abbate
1831 1189 1871 1223 et
1899 1188 2097 1224 conventu
2122 1184 2223 1224 Loci
2252 1185 2349 1232 Dei,
2380 1199 2453 1224 nec
2480 1185 2547 1224 ulli

335 1269 486 1308 relitus
516 1280 562 1305 ex
594 1266 681 1317 ipsa
710 1261 1010 1314 provenientes,
1042 1259 1116 1297 nisi
1147 1255 1356 1296 monachis
1385 1255 1434 1294 de
1463 1254 1574 1294 Loco
1604 1255 1703 1302 Dei,
1746 1256 2033 1295 committant'ss
2078 1276 2127 1282 -—
2172 1255 2319 1294 Datum
2349 1268 2450 1295 anno
2482 1254 2547 1294 do-

332 1340 425 1378 mini
456 1331 767 1377 MCCCLXXII.
799 1331 890 1381 (leg.
919 1326 1218 1375 MCCszll.)
1250 1328 1289 1365 in
1319 1326 1384 1365 die
1414 1329 1569 1379 septem
1598 1313 1782 1375 fratrum,
1812 1325 1918 1378 apud
1947 1325 2107 1366 Locum
2134 1324 2232 1365 Dei.

721 1401 908 1442 Langebek
934 1396 1304 1441 scriptt.x111.126.

594 1465 749 1514 [1211]
806 1462 971 1501 Eser-:nr
997 1474 1178 1512 episcopi
1194 1459 1390 1511 Ripensis
1412 1457 1547 1504 literae,
1579 1456 1724 1510 quibus
1747 1461 1931 1504 testatur,
1961 1457 2210 1496 “Frellanum
2241 1456 2547 1506 (Frellavum?)

332 1539 542 1578 Tomissen
573 1536 731 1574 domino
760 1531 930 1572 Johanni
960 1530 1093 1569 abbati
1125 1534 1163 1568 et
1192 1529 1402 1567 conventui
1432 1528 1532 1567 Loci
1562 1527 1639 1566 Dei
1670 1556 1679 1565 .
1698 1556 1731 1565 ..
1771 1541 1910 1566 omnes
1949 1531 2074 1566 terras
2104 1541 2202 1566 suas
2230 1526 2550 1580 patrimoniales,

330 1615 408 1647 tam
439 1607 638 1659 emptitias
668 1617 784 1658 quam
811 1602 888 1641 alio
915 1603 1027 1655 justo
1058 1599 1177 1638 modo
1208 1599 1256 1638 ab
1286 1597 1512 1637 haeredibus
1543 1599 1581 1636 in
1603 1597 1756 1650 Burger
1784 1597 1922 1636 Marck
1951 1598 2187 1650 acquisitas,
2217 1601 2383 1650 excepto
2414 1587 2548 1643 fundo,

331 1680 369 1717 in
399 1691 474 1730 quo
504 1690 606 1715 nunc
634 1674 802 1718 residet,
829 1671 951 1710 libere
981 1671 1212 1722 resignasse
1237 1670 1327 1723 jure
1356 1672 1549 1722 perpetuo
1586 1667 1859 1720 possidendas
1894 1682 1964 1721 pro
2002 1669 2180 1721 injuriis,
2224 1681 2325 1721 quas
2361 1666 2549 1706 fratribus

331 1749 406 1787 loci
433 1746 635 1786 memorati
666 1743 884 1782 dinoscitur
914 1740 1139 1780 intulisse’'.
1168 1761 1220 1769 —
1250 1739 1463 1792 Loqlmm,
1495 1740 1532 1777 in
1563 1737 1627 1776 die
1659 1737 1702 1776 S.
1732 1737 1884 1777 Ketilli.

720 1812 905 1853 Langebek
931 1810 1072 1853 scriptt.
1096 1810 1195 1842 VllI.
1221 1808 1278 1842 98.

591 1875 745 1924 [1212]
802 1873 966 1919 Literae,
1013 1871 1159 1925 quibus
1189 1870 1382 1910 Gwmnus
1412 1869 1687 1909 Pmnmzsox
1727 1873 1862 1908 notum
1893 1869 2078 1909 omnibus
2115 1869 2228 1916 facit,
2271 1883 2316 1909 se
2346 1870 2550 1909 canonicis

333 1949 381 1988 de
409 1946 621 1987 Ebbleholt
645 1945 747 1985 bona
777 1957 849 1983 sua
879 1945 916 1982 in
946 1942 1150 1982 Awordhe
1180 1942 1258 1980 sita
1287 1941 1577 1992 assignavisse.
1609 1962 1658 1967 —
1689 1939 1766 1978 Die
1794 1939 1832 1979 b.
1862 1940 2093 1993 Margaretae
2122 1941 2297 1993 virginis.

722 2014 908 2056 Langebek
933 2013 1072 2056 Scriptt.
1096 2013 1160 2045 VI.
1190 2010 1266 2044 161.

593 2075 749 2127 [1213]
809 2075 1022 2115 Gnnconu
1064 2071 1181 2128 (me)
1220 2087 1332 2126 papae
1376 2072 1498 2113 literae
1541 2072 1592 2112 ad
1629 2071 1812 2111 abbatem
1850 2075 1891 2111 et
1926 2075 2161 2112 conventum
2190 2072 2421 2111 monasterii
2450 2071 2548 2111 Loci

333 2151 431 2198 Dei,
471 2148 614 2203 quibus
639 2149 710 2198 jus
738 2150 972 2199 patronatus
1001 2144 1182 2184 ecclesiae
1210 2143 1447 2190 Bredwath,
1491 2142 1598 2196 quod
1635 2143 1687 2181 iis
1714 2141 1820 2181 Abel
1855 2156 1923 2181 rex
1961 2142 2202 2189 contulerat,
2245 2141 2461 2181 confirmat.
2499 2163 2547 2169 -

335 2221 461 2275 Apud
486 2219 625 2259 urbem
653 2225 847 2265 veterem,
877 2216 968 2255 XV.
999 2214 1151 2254 calend.
1181 2213 1442 2260 Novembris,
1471 2213 1688 2265 pontificat.
1718 2225 1820 2251 anno
1849 2214 1990 2264 primo.

723 2287 909 2328 Langebek
935 2286 1074 2329 scriptt.
1100 2269 1196 2318 VIII.
1224 2283 1393 2317 117-18,
1421 2283 1498 2316 121.
1547 2283 1622 2315 crr.
1648 2283 1754 2316 Suhm
1781 2282 1871 2315 Hist.
1897 2283 1937 2315 af
1957 2283 2104 2316 Danmk.
2129 2283 2174 2314 X.
2199 2282 2281 2316 661.

597 2349 752 2398 [1214]
812 2349 1028 2388 Gneo-onir
1074 2344 1194 2395 (Xffl)
1243 2359 1356 2399 papae
1400 2345 1544 2392 literae,
1594 2344 1738 2398 quibus
1788 2346 2003 2398 praeposito
2056 2345 2236 2384 ecclesiae
2279 2344 2551 2383 Slesvicensis

333 2421 511 2468 mandat,
555 2422 625 2459 “ut
660 2419 792 2460 abbati
830 2423 869 2458 et
906 2418 1117 2458 conventui
1153 2417 1383 2455 monasterii
1412 2415 1513 2455 Loci
1542 2415 1645 2454 Dei'’
1685 2419 1820 2455 contra
1859 2419 2080 2467 raptorum,
2123 2414 2349 2467 praedonum
2379 2418 2419 2453 et
2447 2414 2552 2453 inva-

336 2505 467 2530 sorum
496 2490 697 2529 audaciam
736 2489 885 2528 efficaci
914 2487 1100 2542 praesidio
1141 2486 1390 2525 defensionis
1427 2486 1649 2532 assistens,
1692 2499 1770 2525 non
1806 2486 2008 2538 permittat
2040 2485 2154 2536 ipsos
2192 2486 2230 2524 in
2265 2485 2461 2537 personis·
2490 2484 2551 2524 vel

334 2560 447 2600 bonis
478 2574 609 2599 eorum
640 2573 663 2598 a
692 2559 838 2598 talibus
866 2558 1107 2598 molestari''.
1139 2579 1187 2587 --
1219 2557 1347 2609 Apud
1366 2554 1505 2595 urbem
1528 2562 1729 2604 veterem,
1759 2555 1850 2595 XV.
1873 2554 1946 2594 cal.
1969 2553 2203 2601 Novemhr„
2232 2554 2372 2608 pontif.
2396 2568 2498 2594 anno
2522 2553 2550 2593 Ι.

729 2629 916 2671 Langcbek
942 2627 1082 2670 Scriptt.
1107 2627 1202 2659 VIII.
1232 2625 1401 2658 121—22.

601 2691 755 2739 [1215]
815 2690 1032 2730 Gnnconn
1065 2685 1179 2736 (Xmi)
1208 2702 1321 2740 papae
1350 2688 1492 2734 literae,
1523 2686 1670 2739 quibus
1698 2686 1912 2740 praeposito
1940 2685 2211 2724 Slesvicensis
2239 2685 2418 2726 ecclesiae
2447 2699 2553 2726 mau-

344 2759 428 2805 dat,
476 2764 518 2797 ut
549 2759 729 2799 abbatem
759 2765 798 2799 et
827 2764 1059 2799 conventum
1095 2759 1326 2797 monasterii
1355 2756 1455 2796 Loci
1491 2757 1568 2796 Dei
1606 2756 1783 2796 “favoris
1821 2756 2002 2808 oportuni
2044 2755 2243 2807 praesidiis
2285 2769 2553 2809 prosequens,

346 2843 419 2866 non
458 2830 673 2880 permittat,
717 2844 787 2868 eos
825 2834 958 2868 contra
996 2828 1144 2868 indulta
1179 2828 1474 2880 privilegiorum
1504 2827 1734 2880 apostolicae
1771 2825 1883 2865 sedis
1921 2824 1970 2864 ab
2000 2824 2200 2877 aliquibus
2231 2825 2404 2865 indebite
2435 2825 2552 2865 mole-

348 2899 465 2943 stari,
507 2897 782 2937 molestatores
824 2913 894 2951 per
936 2912 1140 2937 censuram
1184 2898 1500 2937 ecclesiasticam
1543 2896 1806 2950 appellatione
1831 2895 2076 2948 *postposita
2119 2895 2450 2949 compescendo”.
2502 2916 2550 2924 —-

349 2967 473 3017 Apud
499 2965 635 3005 urbem
664 2975 863 3014 veterem,
893 2967 981 3005 XV.
1012 2968 1162 3006 calend.
1191 2966 1459 3013 Novembris,
1487 2965 1628 3020 pontis.
1659 2978 1760 3004 anno
1790 2964 1821 3005 l.

732 3036 917 3077 Langcbck
943 3037 1078 3079 Scriptt.
1103 3039 1197 3070 vlu.
1227 3037 1300 3069 122.

605 3096 758 3144 [1216]
816 3097 986 3146 P(n'r}u)
1028 3097 1158 3136 divina
1199 3100 1455 3137 miseratione
1495 3096 1678 3150 episcopi
1716 3094 1980 3135 Othoniensis
2019 3097 2318 3149 transscriptum
2357 3096 2551 3150 privilegii

348 3166 525 3214 Gregorii
571 3163 658 3202 lxni
692 3179 800 3218 papae
839 3166 932 3213 (dat.
962 3166 1144 3206 Lateran.
1186 3167 1238 3206 X.
1264 3168 1336 3206 cal.
1365 3167 1480 3207 Febr.
1509 3165 1649 3220 pontis.
1680 3178 1781 3205 anno
1811 3164 1916 3216 Vll.)
1954 3165 2078 3205 ordini
2111 3166 2368 3206 cisterciensi
2399 3166 2549 3206 indulti.

352 3257 396 3263 -
433 3233 645 3283 Cisterce'i,
676 3239 849 3286 tempore
879 3236 1038 3287 capituli
1069 3237 1276 3288 generalis.

739 3305 919 3346 Langcbek
948 3305 1085 3348 Scriptt.
1111 3307 1207 3339 vm.
1233 3306 1403 3339 211-15.
