<?xml version="1.0" encoding="UTF-8"?>
<!DOCTYPE html PUBLIC "-//W3C//DTD XHTML 1.0 Transitional//EN"
    "http://www.w3.org/TR/xhtml1/DTD/xhtml1-transitional.dtd">
<html xmlns="http://www.w3.org/1999/xhtml" xml:lang="en" lang="en">
 <head>
  <title>
</title>
<meta http-equiv="Content-Type" content="text/html;charset=utf-8" />
  <meta name='ocr-system' content='tesseract 3.04.00' />
  <meta name='ocr-capabilities' content='ocr_page ocr_carea ocr_par ocr_line ocrx_word'/>
</head>
<body>
  <div class='ocr_page' id='page_1' title='image "./regestadiplomati01dansuoft_0046.png"; bbox 0 0 2649 3686; ppageno 0'>
   <div class='ocr_carea' id='block_1_1' title="bbox 117 559 327 595">
    <p class='ocr_par' dir='ltr' id='par_1_1' title="bbox 117 559 327 595">
     <span class='ocr_line' id='line_1_1' title="bbox 117 559 327 595; baseline 0.019 -4"><span class='ocrx_word' id='word_1_1' title='bbox 117 559 171 594; x_wconf 75' lang='lat'><strong>29.</strong></span> <span class='ocrx_word' id='word_1_2' title='bbox 205 560 327 595; x_wconf 74' lang='lat' dir='ltr'><strong>Novbr.</strong></span> 
     </span>
    </p>
   </div>
   <div class='ocr_carea' id='block_1_2' title="bbox 168 1491 281 1532">
    <p class='ocr_par' dir='ltr' id='par_1_2' title="bbox 168 1491 281 1532">
     <span class='ocr_line' id='line_1_2' title="bbox 168 1491 281 1532; baseline -0.018 -1"><span class='ocrx_word' id='word_1_3' title='bbox 168 1491 281 1532; x_wconf 78' lang='lat'><strong>1136.</strong></span> 
     </span>
    </p>
   </div>
   <div class='ocr_carea' id='block_1_3' title="bbox 131 1576 315 1611">
    <p class='ocr_par' dir='ltr' id='par_1_3' title="bbox 131 1576 315 1611">
     <span class='ocr_line' id='line_1_3' title="bbox 131 1576 315 1611; baseline 0.011 -2"><span class='ocrx_word' id='word_1_4' title='bbox 131 1576 315 1611; x_wconf 84' lang='lat' dir='ltr'><strong>Decembri.</strong></span> 
     </span>
    </p>
   </div>
   <div class='ocr_carea' id='block_1_4' title="bbox 165 2241 282 2280">
    <p class='ocr_par' dir='ltr' id='par_1_4' title="bbox 165 2241 282 2280">
     <span class='ocr_line' id='line_1_4' title="bbox 165 2241 282 2280; baseline -0.017 0"><span class='ocrx_word' id='word_1_5' title='bbox 165 2241 282 2280; x_wconf 77' lang='lat'><strong>1137.</strong></span> 
     </span>
    </p>
   </div>
   <div class='ocr_carea' id='block_1_5' title="bbox 109 2850 329 2891">
    <p class='ocr_par' dir='ltr' id='par_1_5' title="bbox 109 2850 329 2891">
     <span class='ocr_line' id='line_1_5' title="bbox 109 2850 329 2891; baseline 0.005 -2"><span class='ocrx_word' id='word_1_6' title='bbox 109 2850 329 2891; x_wconf 73' lang='lat'><strong>1138-39.</strong></span> 
     </span>
    </p>
   </div>
   <div class='ocr_carea' id='block_1_6' title="bbox 349 161 1710 225">
    <p class='ocr_par' dir='ltr' id='par_1_6' title="bbox 349 161 1710 225">
     <span class='ocr_line' id='line_1_6' title="bbox 349 161 1710 225; baseline -0.012 0"><span class='ocrx_word' id='word_1_7' title='bbox 349 176 414 225; x_wconf 84' lang='lat'><strong>36</strong></span> <span class='ocrx_word' id='word_1_8' title='bbox 657 179 662 183; x_wconf 83' lang='lat'>&#39;</span> <span class='ocrx_word' id='word_1_9' title='bbox 1189 166 1343 215; x_wconf 66' lang='lat' dir='ltr'><strong>Koxo</strong></span> <span class='ocrx_word' id='word_1_10' title='bbox 1376 162 1507 211; x_wconf 67' lang='lat' dir='ltr'><strong>Eam</strong></span> <span class='ocrx_word' id='word_1_11' title='bbox 1540 161 1710 210; x_wconf 66' lang='lat' dir='ltr'><strong>Ennx.</strong></span> 
     </span>
    </p>
   </div>
   <div class='ocr_carea' id='block_1_7' title="bbox 349 247 2556 271">
    <p class='ocr_par' dir='ltr' id='par_1_7' title="bbox 349 247 2556 271">
     <span class='ocr_line' id='line_1_7' title="bbox 349 247 2556 271; baseline 0 3415"><span class='ocrx_word' id='word_1_12' title='bbox 349 247 2556 271; x_wconf 95' lang='lat' dir='ltr'><strong> </strong></span> 
     </span>
    </p>
   </div>
   <div class='ocr_carea' id='block_1_8' title="bbox 351 331 2553 401">
    <p class='ocr_par' dir='ltr' id='par_1_8' title="bbox 351 331 2553 401">
     <span class='ocr_line' id='line_1_8' title="bbox 351 331 2553 401; baseline -0.009 -12"><span class='ocrx_word' id='word_1_13' title='bbox 351 351 431 389; x_wconf 89' lang='lat' dir='ltr'><strong>filio</strong></span> <span class='ocrx_word' id='word_1_14' title='bbox 467 350 573 401; x_wconf 85' lang='lat' dir='ltr'><strong>regis</strong></span> <span class='ocrx_word' id='word_1_15' title='bbox 610 347 813 392; x_wconf 84' lang='lat' dir='ltr'><strong>Svenone,</strong></span> <span class='ocrx_word' id='word_1_16' title='bbox 852 341 1113 396; x_wconf 80' lang='lat' dir='ltr'><strong>praesentibus</strong></span> <span class='ocrx_word' id='word_1_17' title='bbox 1148 340 1301 378; x_wconf 90' lang='lat' dir='ltr'><strong>Ascero</strong></span> <span class='ocrx_word' id='word_1_18' title='bbox 1339 335 1642 388; x_wconf 82' lang='lat' dir='ltr'><strong>archiepiscopo</strong></span> <span class='ocrx_word' id='word_1_19' title='bbox 1678 332 1906 382; x_wconf 89' lang='lat' dir='ltr'><strong>Lundensi,</strong></span> <span class='ocrx_word' id='word_1_20' title='bbox 1949 337 1989 374; x_wconf 94' lang='lat' dir='ltr'><strong>et</strong></span> <span class='ocrx_word' id='word_1_21' title='bbox 2025 332 2181 372; x_wconf 89' lang='lat' dir='ltr'><strong>Ottario</strong></span> <span class='ocrx_word' id='word_1_22' title='bbox 2217 331 2475 384; x_wconf 85' lang='lat' dir='ltr'><strong>Bergenensi.</strong></span> <span class='ocrx_word' id='word_1_23' title='bbox 2507 353 2553 359; x_wconf 96' lang='lat'><strong>—</strong></span> 
     </span>
    </p>
   </div>
   <div class='ocr_carea' id='block_1_9' title="bbox 352 402 2559 518">
    <p class='ocr_par' dir='ltr' id='par_1_9' title="bbox 352 402 2559 518">
     <span class='ocr_line' id='line_1_9' title="bbox 352 402 1715 468; baseline -0.014 -8"><span class='ocrx_word' id='word_1_24' title='bbox 352 419 526 468; x_wconf 73' lang='lat' dir='ltr'><strong>Laudis,</strong></span> <span class='ocrx_word' id='word_1_25' title='bbox 555 415 660 456; x_wconf 71' lang='lat' dir='ltr'><strong>Vlll.</strong></span> <span class='ocrx_word' id='word_1_26' title='bbox 690 415 742 454; x_wconf 88' lang='lat' dir='ltr'><strong>id.</strong></span> <span class='ocrx_word' id='word_1_27' title='bbox 769 413 968 458; x_wconf 84' lang='lat' dir='ltr'><strong>Januarii,</strong></span> <span class='ocrx_word' id='word_1_28' title='bbox 997 410 1210 450; x_wconf 86' lang='lat' dir='ltr'><strong>indictione</strong></span> <span class='ocrx_word' id='word_1_29' title='bbox 1237 404 1348 446; x_wconf 90' lang='lat' dir='ltr'>XIII.</span> <span class='ocrx_word' id='word_1_30' title='bbox 1377 406 1487 456; x_wconf 85' lang='lat' dir='ltr'><strong>regni</strong></span> <span class='ocrx_word' id='word_1_31' title='bbox 1515 417 1618 443; x_wconf 91' lang='lat' dir='ltr'><strong>anno</strong></span> <span class='ocrx_word' id='word_1_32' title='bbox 1646 402 1715 442; x_wconf 91' lang='lat' dir='ltr'><strong>IV.</strong></span> 
     </span>
     <span class='ocr_line' id='line_1_10' title="bbox 745 472 2559 518; baseline -0.007 0"><span class='ocrx_word' id='word_1_33' title='bbox 745 484 850 518; x_wconf 83' lang='lat' dir='ltr'><strong>Suhm</strong></span> <span class='ocrx_word' id='word_1_34' title='bbox 882 482 974 515; x_wconf 79' lang='lat' dir='ltr'><strong>nist.</strong></span> <span class='ocrx_word' id='word_1_35' title='bbox 997 481 1037 512; x_wconf 83' lang='lat' dir='ltr'><strong>af</strong></span> <span class='ocrx_word' id='word_1_36' title='bbox 1056 481 1178 512; x_wconf 85' lang='lat' dir='ltr'><strong>Danm.</strong></span> <span class='ocrx_word' id='word_1_37' title='bbox 1204 477 1250 509; x_wconf 85' lang='lat' dir='ltr'><strong>V.</strong></span> <span class='ocrx_word' id='word_1_38' title='bbox 1274 474 1448 509; x_wconf 77' lang='lat'><strong>649—50.</strong></span> <span class='ocrx_word' id='word_1_39' title='bbox 1494 473 1671 516; x_wconf 83' lang='lat' dir='ltr'><strong>Liliegren</strong></span> <span class='ocrx_word' id='word_1_40' title='bbox 1703 473 1930 517; x_wconf 81' lang='lat' dir='ltr'><strong>Diplomatar.</strong></span> <span class='ocrx_word' id='word_1_41' title='bbox 1956 474 2098 508; x_wconf 81' lang='lat' dir='ltr'><strong>Svecan.</strong></span> <span class='ocrx_word' id='word_1_42' title='bbox 2123 473 2152 507; x_wconf 83' lang='lat'><strong>1.</strong></span> <span class='ocrx_word' id='word_1_43' title='bbox 2177 482 2234 505; x_wconf 88' lang='lat' dir='ltr'><strong>no.</strong></span> <span class='ocrx_word' id='word_1_44' title='bbox 2263 472 2322 504; x_wconf 85' lang='lat'><strong>33.</strong></span> <span class='ocrx_word' id='word_1_45' title='bbox 2354 483 2386 515; x_wconf 88' lang='lat' dir='ltr'><strong>p.</strong></span> <span class='ocrx_word' id='word_1_46' title='bbox 2411 473 2559 505; x_wconf 74' lang='lat'><strong>48-49.</strong></span> 
     </span>
    </p>
   </div>
   <div class='ocr_carea' id='block_1_10' title="bbox 614 534 2560 596">
    <p class='ocr_par' dir='ltr' id='par_1_10' title="bbox 614 534 2560 596">
     <span class='ocr_line' id='line_1_11' title="bbox 614 534 2560 596; baseline -0.006 -10"><span class='ocrx_word' id='word_1_47' title='bbox 614 546 743 596; x_wconf 62' lang='lat'>[176]</span> <span class='ocrx_word' id='word_1_48' title='bbox 797 544 960 588; x_wconf 79' lang='lat' dir='ltr'><strong>Literae,</strong></span> <span class='ocrx_word' id='word_1_49' title='bbox 1003 539 1147 593; x_wconf 89' lang='lat' dir='ltr'><strong>quihus</strong></span> <span class='ocrx_word' id='word_1_50' title='bbox 1187 536 1420 584; x_wconf 68' lang='lat' dir='ltr'><strong>Esnmus,</strong></span> <span class='ocrx_word' id='word_1_51' title='bbox 1463 537 1681 589; x_wconf 88' lang='lat' dir='ltr'><strong>episcopus</strong></span> <span class='ocrx_word' id='word_1_52' title='bbox 1709 535 2041 582; x_wconf 83' lang='lat' dir='ltr'><strong>Ro&#39;c‘skildensis‚</strong></span> <span class='ocrx_word' id='word_1_53' title='bbox 2096 534 2235 573; x_wconf 81' lang='lat' dir='ltr'><strong>fundat</strong></span> <span class='ocrx_word' id='word_1_54' title='bbox 2275 535 2560 574; x_wconf 82' lang='lat' dir='ltr'><strong>monasterium</strong></span> 
     </span>
    </p>
   </div>
   <div class='ocr_carea' id='block_1_11' title="bbox 352 603 2624 660">
    <p class='ocr_par' dir='ltr' id='par_1_11' title="bbox 352 603 2624 660">
     <span class='ocr_line' id='line_1_12' title="bbox 352 603 2624 660; baseline -0.008 1"><span class='ocrx_word' id='word_1_55' title='bbox 352 619 645 660; x_wconf 75' lang='lat' dir='ltr'><strong>Nestvediense</strong></span> <span class='ocrx_word' id='word_1_56' title='bbox 675 615 824 655; x_wconf 88' lang='lat' dir='ltr'><strong>ordinis</strong></span> <span class='ocrx_word' id='word_1_57' title='bbox 853 609 927 651; x_wconf 80' lang='lat' dir='ltr'><strong>Scti</strong></span> <span class='ocrx_word' id='word_1_58' title='bbox 963 608 1194 655; x_wconf 86' lang='lat' dir='ltr'><strong>Benedicti,</strong></span> <span class='ocrx_word' id='word_1_59' title='bbox 1223 620 1272 646; x_wconf 87' lang='lat' dir='ltr'><strong>ex</strong></span> <span class='ocrx_word' id='word_1_60' title='bbox 1300 605 1486 645; x_wconf 89' lang='lat' dir='ltr'><strong>mandato</strong></span> <span class='ocrx_word' id='word_1_61' title='bbox 1515 605 1624 645; x_wconf 90' lang='lat' dir='ltr'><strong>Petri</strong></span> <span class='ocrx_word' id='word_1_62' title='bbox 1651 604 1841 644; x_wconf 86' lang='lat' dir='ltr'><strong>Botilldis</strong></span> <span class='ocrx_word' id='word_1_63' title='bbox 1869 605 1937 644; x_wconf 86' lang='lat' dir='ltr'><strong>filii</strong></span> <span class='ocrx_word' id='word_1_64' title='bbox 1967 606 2138 658; x_wconf 88' lang='lat' dir='ltr'><strong>ejusque</strong></span> <span class='ocrx_word' id='word_1_65' title='bbox 2166 605 2306 643; x_wconf 82' lang='lat' dir='ltr'><strong>matris</strong></span> <span class='ocrx_word' id='word_1_66' title='bbox 2328 607 2368 642; x_wconf 87' lang='lat' dir='ltr'><strong>et</strong></span> <span class='ocrx_word' id='word_1_67' title='bbox 2398 603 2561 643; x_wconf 84' lang='lat' dir='ltr'><strong>fratrum</strong></span> <span class='ocrx_word' id='word_1_68' title='bbox 2613 642 2624 648; x_wconf 55' lang='grc'>,</span> 
     </span>
    </p>
   </div>
   <div class='ocr_carea' id='block_1_12' title="bbox 352 672 2561 799">
    <p class='ocr_par' dir='ltr' id='par_1_12' title="bbox 352 672 2561 799">
     <span class='ocr_line' id='line_1_13' title="bbox 352 672 2561 740; baseline -0.011 -9"><span class='ocrx_word' id='word_1_69' title='bbox 352 689 592 740; x_wconf 75' lang='lat' dir='ltr'><strong>Hemmingii</strong></span> <span class='ocrx_word' id='word_1_70' title='bbox 622 690 738 738; x_wconf 86' lang='lat' dir='ltr'><strong>atque</strong></span> <span class='ocrx_word' id='word_1_71' title='bbox 769 681 942 732; x_wconf 77' lang='lat' dir='ltr'><strong>Georgii.</strong></span> <span class='ocrx_word' id='word_1_72' title='bbox 973 700 1021 706; x_wconf 89' lang='lat'>—</span> <span class='ocrx_word' id='word_1_73' title='bbox 1052 677 1095 716; x_wconf 92' lang='lat' dir='ltr'><strong>In</strong></span> <span class='ocrx_word' id='word_1_74' title='bbox 1124 676 1215 716; x_wconf 84' lang='lat' dir='ltr'><strong>villa</strong></span> <span class='ocrx_word' id='word_1_75' title='bbox 1242 675 1479 724; x_wconf 76' lang='lat' dir='ltr'><strong>Ncestveth„</strong></span> <span class='ocrx_word' id='word_1_76' title='bbox 1520 675 1558 714; x_wconf 89' lang='lat' dir='ltr'><strong>d.</strong></span> <span class='ocrx_word' id='word_1_77' title='bbox 1585 674 1654 714; x_wconf 86' lang='lat' dir='ltr'><strong>III.</strong></span> <span class='ocrx_word' id='word_1_78' title='bbox 1683 675 1756 714; x_wconf 91' lang='lat' dir='ltr'><strong>cal.</strong></span> <span class='ocrx_word' id='word_1_79' title='bbox 1784 674 1993 715; x_wconf 89' lang='lat' dir='ltr'><strong>Decemhr.</strong></span> <span class='ocrx_word' id='word_1_80' title='bbox 2023 674 2159 714; x_wconf 90' lang='lat' dir='ltr'><strong>indict.</strong></span> <span class='ocrx_word' id='word_1_81' title='bbox 2194 672 2306 715; x_wconf 86' lang='lat' dir='ltr'>XIII.</span> <span class='ocrx_word' id='word_1_82' title='bbox 2344 674 2561 726; x_wconf 74' lang='lat' dir='ltr'><strong>imperante</strong></span> 
     </span>
     <span class='ocr_line' id='line_1_14' title="bbox 353 743 2561 799; baseline -0.008 1"><span class='ocrx_word' id='word_1_83' title='bbox 353 759 528 799; x_wconf 88' lang='lat' dir='ltr'><strong>Lotharo</strong></span> <span class='ocrx_word' id='word_1_84' title='bbox 557 757 824 796; x_wconf 88' lang='lat' dir='ltr'><strong>Romanorum</strong></span> <span class='ocrx_word' id='word_1_85' title='bbox 855 750 1009 790; x_wconf 83' lang='lat' dir='ltr'><strong>Caesare</strong></span> <span class='ocrx_word' id='word_1_86' title='bbox 1038 748 1246 799; x_wconf 78' lang='lat' dir='ltr'><strong>Augusto,</strong></span> <span class='ocrx_word' id='word_1_87' title='bbox 1283 759 1384 785; x_wconf 90' lang='lat' dir='ltr'><strong>anno</strong></span> <span class='ocrx_word' id='word_1_88' title='bbox 1413 745 1464 784; x_wconf 75' lang='lat' dir='ltr'><strong>V.</strong></span> <span class='ocrx_word' id='word_1_89' title='bbox 1492 744 1603 785; x_wconf 89' lang='lat' dir='ltr'><strong>Erici</strong></span> <span class='ocrx_word' id='word_1_90' title='bbox 1631 745 1833 785; x_wconf 88' lang='lat' dir='ltr'><strong>Danorum</strong></span> <span class='ocrx_word' id='word_1_91' title='bbox 1862 747 1988 798; x_wconf 82' lang='lat' dir='ltr'><strong>regis,</strong></span> <span class='ocrx_word' id='word_1_92' title='bbox 2017 745 2277 797; x_wconf 82' lang='lat' dir='ltr'><strong>episcopatus</strong></span> <span class='ocrx_word' id='word_1_93' title='bbox 2308 772 2317 782; x_wconf 89' lang='lat'><strong>.</strong></span> <span class='ocrx_word' id='word_1_94' title='bbox 2335 773 2344 782; x_wconf 90' lang='lat'><strong>.</strong></span> <span class='ocrx_word' id='word_1_95' title='bbox 2363 773 2372 782; x_wconf 91' lang='lat'><em>.</em></span> <span class='ocrx_word' id='word_1_96' title='bbox 2401 743 2561 791; x_wconf 86' lang='lat' dir='ltr'><strong>Eskilli,</strong></span> 
     </span>
    </p>
   </div>
   <div class='ocr_carea' id='block_1_13' title="bbox 354 814 2562 994">
    <p class='ocr_par' dir='ltr' id='par_1_13' title="bbox 354 814 2562 994">
     <span class='ocr_line' id='line_1_15' title="bbox 354 814 1364 871; baseline -0.016 -1"><span class='ocrx_word' id='word_1_97' title='bbox 354 827 637 870; x_wconf 77' lang='lat' dir='ltr'><strong>Roskildensis</strong></span> <span class='ocrx_word' id='word_1_98' title='bbox 667 823 845 864; x_wconf 83' lang='lat' dir='ltr'><strong>ecclesiae</strong></span> <span class='ocrx_word' id='word_1_99' title='bbox 877 849 885 858; x_wconf 94' lang='lat'><strong>.</strong></span> <span class='ocrx_word' id='word_1_100' title='bbox 904 848 939 857; x_wconf 87' lang='lat'><strong>..</strong></span> <span class='ocrx_word' id='word_1_101' title='bbox 970 818 1151 871; x_wconf 82' lang='lat' dir='ltr'><strong>episcopi</strong></span> <span class='ocrx_word' id='word_1_102' title='bbox 1181 829 1284 855; x_wconf 87' lang='lat' dir='ltr'><strong>anno</strong></span> <span class='ocrx_word' id='word_1_103' title='bbox 1313 814 1364 854; x_wconf 89' lang='grc' dir='ltr'><strong>ΙΙ.</strong></span> 
     </span>
     <span class='ocr_line' id='line_1_16' title="bbox 741 883 2562 930; baseline -0.003 -6"><span class='ocrx_word' id='word_1_104' title='bbox 741 888 926 924; x_wconf 85' lang='lat' dir='ltr'><strong>Thorkelin</strong></span> <span class='ocrx_word' id='word_1_105' title='bbox 949 886 1041 930; x_wconf 85' lang='lat' dir='ltr'><strong>Dipl.</strong></span> <span class='ocrx_word' id='word_1_106' title='bbox 1064 888 1305 927; x_wconf 79' lang='lat' dir='ltr'><strong>Arna-Magn.</strong></span> <span class='ocrx_word' id='word_1_107' title='bbox 1330 886 1359 919; x_wconf 89' lang='grc' dir='ltr'><strong>Ι.</strong></span> <span class='ocrx_word' id='word_1_108' title='bbox 1384 896 1416 929; x_wconf 87' lang='lat' dir='ltr'><strong>p.</strong></span> <span class='ocrx_word' id='word_1_109' title='bbox 1441 885 1474 918; x_wconf 89' lang='lat'><strong>5.</strong></span> <span class='ocrx_word' id='word_1_110' title='bbox 1522 883 1758 928; x_wconf 86' lang='lat' dir='ltr'><strong>Pontoppidan</strong></span> <span class='ocrx_word' id='word_1_111' title='bbox 1782 884 1916 918; x_wconf 83' lang='lat' dir='ltr'><strong>Annali.</strong></span> <span class='ocrx_word' id='word_1_112' title='bbox 1941 885 1968 919; x_wconf 91' lang='lat'><strong>1.</strong></span> <span class='ocrx_word' id='word_1_113' title='bbox 1992 883 2165 918; x_wconf 81' lang='lat'><strong>359—61.</strong></span> <span class='ocrx_word' id='word_1_114' title='bbox 2210 883 2304 928; x_wconf 81' lang='lat' dir='ltr'><strong>Epit.</strong></span> <span class='ocrx_word' id='word_1_115' title='bbox 2330 894 2385 928; x_wconf 79' lang='lat' dir='ltr'><strong>ap.</strong></span> <span class='ocrx_word' id='word_1_116' title='bbox 2408 885 2562 928; x_wconf 81' lang='lat' dir='ltr'><strong>Langeb.</strong></span> 
     </span>
     <span class='ocr_line' id='line_1_17' title="bbox 743 946 2189 994; baseline -0.003 -9"><span class='ocrx_word' id='word_1_117' title='bbox 743 952 881 994; x_wconf 86' lang='lat' dir='ltr'><strong>Scriptt.</strong></span> <span class='ocrx_word' id='word_1_118' title='bbox 906 960 976 983; x_wconf 87' lang='lat' dir='ltr'><strong>rer.</strong></span> <span class='ocrx_word' id='word_1_119' title='bbox 1001 950 1091 981; x_wconf 86' lang='lat' dir='ltr'><strong>Dan.</strong></span> <span class='ocrx_word' id='word_1_120' title='bbox 1115 949 1179 981; x_wconf 90' lang='lat' dir='ltr'><strong>IV.</strong></span> <span class='ocrx_word' id='word_1_121' title='bbox 1204 948 1284 981; x_wconf 28' lang='lat'><strong>3⁷13.</strong></span> <span class='ocrx_word' id='word_1_122' title='bbox 1333 948 1410 980; x_wconf 82' lang='lat' dir='ltr'><strong>Cfr.</strong></span> <span class='ocrx_word' id='word_1_123' title='bbox 1436 947 1543 980; x_wconf 86' lang='lat' dir='ltr'><strong>Suhm</strong></span> <span class='ocrx_word' id='word_1_124' title='bbox 1571 947 1661 980; x_wconf 88' lang='lat' dir='ltr'><strong>Hist.</strong></span> <span class='ocrx_word' id='word_1_125' title='bbox 1686 947 1726 979; x_wconf 82' lang='lat' dir='ltr'><strong>af</strong></span> <span class='ocrx_word' id='word_1_126' title='bbox 1750 947 1898 979; x_wconf 81' lang='lat' dir='ltr'><strong>Danmk.</strong></span> <span class='ocrx_word' id='word_1_127' title='bbox 1922 948 1968 979; x_wconf 90' lang='lat' dir='ltr'><strong>V.</strong></span> <span class='ocrx_word' id='word_1_128' title='bbox 1994 946 2189 980; x_wconf 72' lang='lat'><strong>484—486.</strong></span> 
     </span>
    </p>
   </div>
   <div class='ocr_carea' id='block_1_14' title="bbox 352 1006 2589 1279">
    <p class='ocr_par' dir='ltr' id='par_1_14' title="bbox 352 1006 2589 1279">
     <span class='ocr_line' id='line_1_18' title="bbox 616 1006 2560 1065; baseline -0.004 -10"><span class='ocrx_word' id='word_1_129' title='bbox 616 1015 743 1065; x_wconf 64' lang='lat'><strong>[177]</strong></span> <span class='ocrx_word' id='word_1_130' title='bbox 799 1013 924 1052; x_wconf 69' lang='lat' dir='ltr'><strong>Erum</strong></span> <span class='ocrx_word' id='word_1_131' title='bbox 967 1022 1146 1050; x_wconf 62' lang='lat' dir='ltr'><strong>sncnxnl</strong></span> <span class='ocrx_word' id='word_1_132' title='bbox 1184 1009 1322 1048; x_wconf 83' lang='lat' dir='ltr'><strong>Daniae</strong></span> <span class='ocrx_word' id='word_1_133' title='bbox 1360 1010 1467 1061; x_wconf 82' lang='lat' dir='ltr'><strong>regis</strong></span> <span class='ocrx_word' id='word_1_134' title='bbox 1506 1008 1699 1062; x_wconf 84' lang='lat' dir='ltr'><strong>diploma,</strong></span> <span class='ocrx_word' id='word_1_135' title='bbox 1743 1021 1821 1061; x_wconf 89' lang='lat' dir='ltr'><strong>quo</strong></span> <span class='ocrx_word' id='word_1_136' title='bbox 1857 1008 2042 1048; x_wconf 80' lang='lat' dir='ltr'><strong>fratribus</strong></span> <span class='ocrx_word' id='word_1_137' title='bbox 2070 1006 2453 1061; x_wconf 82' lang='lat' dir='ltr'><strong>Ringstadiensihus</strong></span> <span class='ocrx_word' id='word_1_138' title='bbox 2482 1010 2560 1048; x_wconf 84' lang='lat' dir='ltr'><strong>sin-</strong></span> 
     </span>
     <span class='ocr_line' id='line_1_19' title="bbox 352 1077 2589 1144; baseline -0.006 -14"><span class='ocrx_word' id='word_1_139' title='bbox 352 1091 457 1144; x_wconf 80' lang='lat' dir='ltr'><strong>gulis</strong></span> <span class='ocrx_word' id='word_1_140' title='bbox 484 1089 598 1128; x_wconf 91' lang='lat' dir='ltr'><strong>annis</strong></span> <span class='ocrx_word' id='word_1_141' title='bbox 626 1086 761 1124; x_wconf 89' lang='lat' dir='ltr'><strong>decem</strong></span> <span class='ocrx_word' id='word_1_142' title='bbox 789 1094 943 1122; x_wconf 87' lang='lat' dir='ltr'><strong>marcas</strong></span> <span class='ocrx_word' id='word_1_143' title='bbox 973 1094 1022 1120; x_wconf 87' lang='lat' dir='ltr'><strong>ex</strong></span> <span class='ocrx_word' id='word_1_144' title='bbox 1050 1094 1175 1119; x_wconf 90' lang='lat' dir='ltr'><strong>censu</strong></span> <span class='ocrx_word' id='word_1_145' title='bbox 1203 1078 1641 1130; x_wconf 82' lang='lat' dir='ltr'><strong>“Mitsom1nersgeld”‚</strong></span> <span class='ocrx_word' id='word_1_146' title='bbox 1683 1082 1951 1136; x_wconf 81' lang='lat' dir='ltr'><strong>praetereaque</strong></span> <span class='ocrx_word' id='word_1_147' title='bbox 1989 1078 2090 1118; x_wconf 87' lang='lat' dir='ltr'><strong>duos</strong></span> <span class='ocrx_word' id='word_1_148' title='bbox 2127 1092 2292 1118; x_wconf 89' lang='lat' dir='ltr'><strong>mansos</strong></span> <span class='ocrx_word' id='word_1_149' title='bbox 2329 1079 2367 1117; x_wconf 93' lang='lat' dir='ltr'><strong>in</strong></span> <span class='ocrx_word' id='word_1_150' title='bbox 2396 1077 2556 1131; x_wconf 82' lang='lat' dir='ltr'><strong>Biarge,</strong></span> <span class='ocrx_word' id='word_1_151' title='bbox 2583 1129 2589 1133; x_wconf 26' lang='grc' dir='ltr'><em>ι</em></span> 
     </span>
     <span class='ocr_line' id='line_1_20' title="bbox 353 1148 2562 1204; baseline -0.006 -4"><span class='ocrx_word' id='word_1_152' title='bbox 353 1162 454 1200; x_wconf 87' lang='lat' dir='ltr'><strong>duos</strong></span> <span class='ocrx_word' id='word_1_153' title='bbox 483 1170 644 1198; x_wconf 87' lang='lat' dir='ltr'><strong>mansos</strong></span> <span class='ocrx_word' id='word_1_154' title='bbox 674 1156 712 1194; x_wconf 89' lang='lat' dir='ltr'><strong>in</strong></span> <span class='ocrx_word' id='word_1_155' title='bbox 740 1154 915 1199; x_wconf 88' lang='lat' dir='ltr'><strong>Amaca,</strong></span> <span class='ocrx_word' id='word_1_156' title='bbox 946 1152 983 1190; x_wconf 91' lang='lat' dir='ltr'><strong>in</strong></span> <span class='ocrx_word' id='word_1_157' title='bbox 1014 1150 1094 1202; x_wconf 82' lang='lat' dir='ltr'><strong>Gly</strong></span> <span class='ocrx_word' id='word_1_158' title='bbox 1122 1151 1163 1204; x_wconf 84' lang='lat' dir='ltr'><strong>et</strong></span> <span class='ocrx_word' id='word_1_159' title='bbox 1189 1149 1415 1196; x_wconf 85' lang='lat' dir='ltr'><strong>Almstofft,</strong></span> <span class='ocrx_word' id='word_1_160' title='bbox 1446 1153 1486 1188; x_wconf 92' lang='lat' dir='ltr'><strong>et</strong></span> <span class='ocrx_word' id='word_1_161' title='bbox 1514 1148 1721 1188; x_wconf 88' lang='lat' dir='ltr'><strong>dimidium</strong></span> <span class='ocrx_word' id='word_1_162' title='bbox 1750 1149 1924 1188; x_wconf 88' lang='lat' dir='ltr'><strong>nemoris</strong></span> <span class='ocrx_word' id='word_1_163' title='bbox 1952 1148 2280 1201; x_wconf 83' lang='lat' dir='ltr'><strong>Ringstadiensis</strong></span> <span class='ocrx_word' id='word_1_164' title='bbox 2309 1148 2479 1194; x_wconf 81' lang='lat' dir='ltr'><strong>confert,</strong></span> <span class='ocrx_word' id='word_1_165' title='bbox 2523 1149 2562 1187; x_wconf 88' lang='lat' dir='ltr'><strong>in</strong></span> 
     </span>
     <span class='ocr_line' id='line_1_21' title="bbox 352 1216 2561 1279; baseline -0.005 -10"><span class='ocrx_word' id='word_1_166' title='bbox 352 1229 576 1269; x_wconf 84' lang='lat' dir='ltr'><strong>memoriam</strong></span> <span class='ocrx_word' id='word_1_167' title='bbox 616 1224 720 1279; x_wconf 87' lang='lat' dir='ltr'><strong>quod</strong></span> <span class='ocrx_word' id='word_1_168' title='bbox 755 1223 873 1262; x_wconf 88' lang='lat' dir='ltr'><strong>frater</strong></span> <span class='ocrx_word' id='word_1_169' title='bbox 910 1222 1000 1274; x_wconf 87' lang='lat' dir='ltr'><strong>ejus</strong></span> <span class='ocrx_word' id='word_1_170' title='bbox 1037 1220 1215 1261; x_wconf 90' lang='lat' dir='ltr'><strong>Canutus</strong></span> <span class='ocrx_word' id='word_1_171' title='bbox 1251 1218 1467 1272; x_wconf 79' lang='lat' dir='ltr'><strong>Ringstadi</strong></span> <span class='ocrx_word' id='word_1_172' title='bbox 1504 1219 1688 1272; x_wconf 88' lang='lat' dir='ltr'><strong>sepultus</strong></span> <span class='ocrx_word' id='word_1_173' title='bbox 1726 1222 1823 1258; x_wconf 87' lang='lat' dir='ltr'><strong>erat.</strong></span> <span class='ocrx_word' id='word_1_174' title='bbox 1861 1241 1910 1246; x_wconf 96' lang='lat'><strong>—</strong></span> <span class='ocrx_word' id='word_1_175' title='bbox 1951 1219 2216 1273; x_wconf 74' lang='lat' dir='ltr'><strong>(Rinqstade&#39;)</strong></span> <span class='ocrx_word' id='word_1_176' title='bbox 2254 1220 2291 1258; x_wconf 93' lang='lat' dir='ltr'><strong>in</strong></span> <span class='ocrx_word' id='word_1_177' title='bbox 2324 1218 2496 1258; x_wconf 86' lang='lat' dir='ltr'><strong>ecclesia</strong></span> <span class='ocrx_word' id='word_1_178' title='bbox 2523 1216 2561 1257; x_wconf 85' lang='lat' dir='ltr'><strong>b.</strong></span> 
     </span>
    </p>
   </div>
   <div class='ocr_carea' id='block_1_15' title="bbox 351 1299 2029 1402">
    <p class='ocr_par' dir='ltr' id='par_1_15' title="bbox 351 1299 2029 1402">
     <span class='ocr_line' id='line_1_22' title="bbox 351 1299 496 1339; baseline -0.014 0"><span class='ocrx_word' id='word_1_179' title='bbox 351 1299 496 1339; x_wconf 79' lang='lat' dir='ltr'><strong>Mariae.</strong></span> 
     </span>
     <span class='ocr_line' id='line_1_23' title="bbox 740 1358 2029 1402; baseline -0.005 -5"><span class='ocrx_word' id='word_1_180' title='bbox 740 1365 827 1397; x_wconf 64' lang='lat' dir='ltr'><strong>Dan.</strong></span> <span class='ocrx_word' id='word_1_181' title='bbox 852 1360 1014 1396; x_wconf 83' lang='lat' dir='ltr'><strong>Biblioth.</strong></span> <span class='ocrx_word' id='word_1_182' title='bbox 1039 1361 1103 1394; x_wconf 87' lang='lat'><strong>111.</strong></span> <span class='ocrx_word' id='word_1_183' title='bbox 1132 1359 1301 1394; x_wconf 76' lang='lat'><strong>126—27.</strong></span> <span class='ocrx_word' id='word_1_184' title='bbox 1349 1358 1539 1393; x_wconf 80' lang='lat' dir='ltr'><strong>Thorkelin</strong></span> <span class='ocrx_word' id='word_1_185' title='bbox 1562 1358 1655 1402; x_wconf 85' lang='lat' dir='ltr'><strong>Dipl.</strong></span> <span class='ocrx_word' id='word_1_186' title='bbox 1680 1360 1917 1401; x_wconf 81' lang='lat' dir='ltr'><strong>Arna-Magn.</strong></span> <span class='ocrx_word' id='word_1_187' title='bbox 1943 1358 1971 1393; x_wconf 87' lang='grc' dir='ltr'><strong>Ι.</strong></span> <span class='ocrx_word' id='word_1_188' title='bbox 1997 1358 2029 1391; x_wconf 79' lang='grc'><strong>4.</strong></span> 
     </span>
    </p>
   </div>
   <div class='ocr_carea' id='block_1_16' title="bbox 351 1555 2563 1685">
    <p class='ocr_par' dir='ltr' id='par_1_16' title="bbox 351 1555 2563 1685">
     <span class='ocr_line' id='line_1_24' title="bbox 614 1555 2563 1612; baseline -0.004 -8"><span class='ocrx_word' id='word_1_189' title='bbox 614 1563 743 1612; x_wconf 84' lang='grc'><strong>[178.]</strong></span> <span class='ocrx_word' id='word_1_190' title='bbox 803 1562 1022 1603; x_wconf 87' lang='lat' dir='ltr'><strong>Conventio</strong></span> <span class='ocrx_word' id='word_1_191' title='bbox 1054 1563 1154 1600; x_wconf 90' lang='lat' dir='ltr'><strong>inter</strong></span> <span class='ocrx_word' id='word_1_192' title='bbox 1181 1559 1510 1610; x_wconf 80' lang='lat' dir='ltr'><strong>congregationes</strong></span> <span class='ocrx_word' id='word_1_193' title='bbox 1549 1558 1592 1597; x_wconf 89' lang='lat' dir='ltr'><strong>S.</strong></span> <span class='ocrx_word' id='word_1_194' title='bbox 1630 1557 1857 1605; x_wconf 87' lang='lat' dir='ltr'><strong>Laurentii,</strong></span> <span class='ocrx_word' id='word_1_195' title='bbox 1901 1557 1945 1596; x_wconf 90' lang='lat' dir='ltr'><strong>S.</strong></span> <span class='ocrx_word' id='word_1_196' title='bbox 1990 1555 2130 1595; x_wconf 87' lang='lat' dir='ltr'><strong>Crucis</strong></span> <span class='ocrx_word' id='word_1_197' title='bbox 2168 1561 2209 1596; x_wconf 93' lang='lat' dir='ltr'><strong>et</strong></span> <span class='ocrx_word' id='word_1_198' title='bbox 2251 1558 2424 1596; x_wconf 90' lang='lat' dir='ltr'><strong>omnium</strong></span> <span class='ocrx_word' id='word_1_199' title='bbox 2467 1557 2563 1596; x_wconf 87' lang='lat' dir='ltr'><strong>San-</strong></span> 
     </span>
     <span class='ocr_line' id='line_1_25' title="bbox 351 1626 2561 1685; baseline -0.004 -10"><span class='ocrx_word' id='word_1_200' title='bbox 351 1640 513 1682; x_wconf 88' lang='lat' dir='ltr'><strong>ctorum,</strong></span> <span class='ocrx_word' id='word_1_201' title='bbox 542 1635 638 1673; x_wconf 91' lang='lat' dir='ltr'><strong>inita</strong></span> <span class='ocrx_word' id='word_1_202' title='bbox 667 1635 772 1673; x_wconf 89' lang='lat' dir='ltr'><strong>circa</strong></span> <span class='ocrx_word' id='word_1_203' title='bbox 801 1633 995 1685; x_wconf 78' lang='lat' dir='ltr'><strong>exequias</strong></span> <span class='ocrx_word' id='word_1_204' title='bbox 1024 1631 1185 1671; x_wconf 89' lang='lat' dir='ltr'><strong>sratrum</strong></span> <span class='ocrx_word' id='word_1_205' title='bbox 1215 1629 1410 1668; x_wconf 87' lang='lat' dir='ltr'><strong>dictorum</strong></span> <span class='ocrx_word' id='word_1_206' title='bbox 1438 1629 1783 1668; x_wconf 87' lang='lat' dir='ltr'><strong>monasteriorum.</strong></span> <span class='ocrx_word' id='word_1_207' title='bbox 1810 1649 1858 1655; x_wconf 88' lang='lat'>—</span> <span class='ocrx_word' id='word_1_208' title='bbox 1891 1627 2094 1676; x_wconf 79' lang='lat' dir='ltr'><strong>(Lundis)</strong></span> <span class='ocrx_word' id='word_1_209' title='bbox 2126 1629 2164 1666; x_wconf 92' lang='lat' dir='ltr'><strong>in</strong></span> <span class='ocrx_word' id='word_1_210' title='bbox 2193 1626 2367 1666; x_wconf 85' lang='lat' dir='ltr'><strong>claustro</strong></span> <span class='ocrx_word' id='word_1_211' title='bbox 2397 1640 2430 1667; x_wconf 89' lang='lat' dir='ltr'><strong>s.</strong></span> <span class='ocrx_word' id='word_1_212' title='bbox 2460 1626 2561 1667; x_wconf 91' lang='lat' dir='ltr'><strong>Lau-</strong></span> 
     </span>
    </p>
   </div>
   <div class='ocr_carea' id='block_1_17' title="bbox 351 1703 2564 2025">
    <p class='ocr_par' dir='ltr' id='par_1_17' title="bbox 351 1703 2564 2025">
     <span class='ocr_line' id='line_1_26' title="bbox 351 1703 903 1752; baseline -0.005 -7"><span class='ocrx_word' id='word_1_213' title='bbox 351 1707 484 1752; x_wconf 88' lang='lat' dir='ltr'><strong>rentii,</strong></span> <span class='ocrx_word' id='word_1_214' title='bbox 513 1718 651 1744; x_wconf 91' lang='lat' dir='ltr'><strong>mense</strong></span> <span class='ocrx_word' id='word_1_215' title='bbox 678 1703 903 1743; x_wconf 88' lang='lat' dir='ltr'><strong>Decembri.</strong></span> 
     </span>
     <span class='ocr_line' id='line_1_27' title="bbox 741 1768 1380 1816; baseline -0.009 -9"><span class='ocrx_word' id='word_1_216' title='bbox 741 1773 928 1816; x_wconf 80' lang='lat' dir='ltr'><strong>Langebek</strong></span> <span class='ocrx_word' id='word_1_217' title='bbox 953 1771 1091 1815; x_wconf 86' lang='lat' dir='ltr'><strong>Scriptt.</strong></span> <span class='ocrx_word' id='word_1_218' title='bbox 1116 1770 1182 1804; x_wconf 86' lang='grc' dir='ltr'>ΙΙΙ.</span> <span class='ocrx_word' id='word_1_219' title='bbox 1208 1768 1380 1802; x_wconf 80' lang='grc'><strong>471-72.</strong></span> 
     </span>
     <span class='ocr_line' id='line_1_28' title="bbox 611 1818 2564 1888; baseline -0.003 -13"><span class='ocrx_word' id='word_1_220' title='bbox 611 1835 739 1885; x_wconf 89' lang='grc'><strong>[179.]</strong></span> <span class='ocrx_word' id='word_1_221' title='bbox 798 1834 969 1888; x_wconf 85' lang='lat' dir='ltr'><strong>Capituli</strong></span> <span class='ocrx_word' id='word_1_222' title='bbox 999 1832 1254 1873; x_wconf 86' lang='lat' dir='ltr'><strong>Stabulensis</strong></span> <span class='ocrx_word' id='word_1_223' title='bbox 1283 1831 1439 1878; x_wconf 89' lang='lat' dir='ltr'><strong>charta,</strong></span> <span class='ocrx_word' id='word_1_224' title='bbox 1478 1843 1556 1884; x_wconf 87' lang='lat' dir='ltr'><strong>qua</strong></span> <span class='ocrx_word' id='word_1_225' title='bbox 1583 1828 1773 1869; x_wconf 79' lang='lat' dir='ltr'><strong>wiboldo</strong></span> <span class='ocrx_word' id='word_1_226' title='bbox 1811 1827 1945 1868; x_wconf 88' lang='lat' dir='ltr'><strong>abbati</strong></span> <span class='ocrx_word' id='word_1_227' title='bbox 1984 1829 2115 1868; x_wconf 86' lang='lat' dir='ltr'><strong>villam</strong></span> <span class='ocrx_word' id='word_1_228' title='bbox 2145 1842 2259 1869; x_wconf 87' lang='lat' dir='ltr'><strong>suam</strong></span> <span class='ocrx_word' id='word_1_229' title='bbox 2288 1818 2564 1877; x_wconf 75' lang='lat' dir='ltr'><strong>Bovianicum,</strong></span> 
     </span>
     <span class='ocr_line' id='line_1_29' title="bbox 352 1899 2564 1957; baseline -0.005 -8"><span class='ocrx_word' id='word_1_230' title='bbox 352 1912 390 1949; x_wconf 91' lang='lat' dir='ltr'><strong>in</strong></span> <span class='ocrx_word' id='word_1_231' title='bbox 420 1907 673 1949; x_wconf 89' lang='lat' dir='ltr'><strong>solitudinem</strong></span> <span class='ocrx_word' id='word_1_232' title='bbox 702 1905 922 1952; x_wconf 89' lang='lat' dir='ltr'><strong>redactam,</strong></span> <span class='ocrx_word' id='word_1_233' title='bbox 950 1906 988 1944; x_wconf 91' lang='lat' dir='ltr'><strong>in</strong></span> <span class='ocrx_word' id='word_1_234' title='bbox 1019 1916 1095 1957; x_wconf 90' lang='lat' dir='ltr'><strong>qua</strong></span> <span class='ocrx_word' id='word_1_235' title='bbox 1123 1905 1328 1954; x_wconf 84' lang='lat' dir='ltr'><strong>“tempore</strong></span> <span class='ocrx_word' id='word_1_236' title='bbox 1356 1902 1651 1954; x_wconf 85' lang='lat' dir='ltr'><strong>persecutionis</strong></span> <span class='ocrx_word' id='word_1_237' title='bbox 1678 1900 1925 1940; x_wconf 53' lang='lat' dir='ltr'><strong>DAxonmff</strong></span> <span class='ocrx_word' id='word_1_238' title='bbox 1953 1913 2099 1952; x_wconf 91' lang='lat' dir='ltr'><strong>corpus</strong></span> <span class='ocrx_word' id='word_1_239' title='bbox 2121 1899 2165 1938; x_wconf 89' lang='lat' dir='ltr'><strong>S.</strong></span> <span class='ocrx_word' id='word_1_240' title='bbox 2182 1899 2363 1939; x_wconf 85' lang='lat' dir='ltr'><strong>Remacli</strong></span> <span class='ocrx_word' id='word_1_241' title='bbox 2385 1900 2564 1946; x_wconf 87' lang='lat' dir='ltr'><strong>latuerat,</strong></span> 
     </span>
     <span class='ocr_line' id='line_1_30' title="bbox 351 1969 2564 2025; baseline -0.005 -6"><span class='ocrx_word' id='word_1_242' title='bbox 351 1978 664 2023; x_wconf 85' lang='lat' dir='ltr'><strong>restaurandam,</strong></span> <span class='ocrx_word' id='word_1_243' title='bbox 695 1980 735 2015; x_wconf 88' lang='lat' dir='ltr'><strong>et</strong></span> <span class='ocrx_word' id='word_1_244' title='bbox 763 1976 813 2015; x_wconf 90' lang='lat' dir='ltr'><strong>ad</strong></span> <span class='ocrx_word' id='word_1_245' title='bbox 841 1976 931 2014; x_wconf 82' lang='lat' dir='ltr'><strong>vitae</strong></span> <span class='ocrx_word' id='word_1_246' title='bbox 960 1974 1049 2013; x_wconf 87' lang='lat' dir='ltr'><strong>dies</strong></span> <span class='ocrx_word' id='word_1_247' title='bbox 1078 1972 1200 2012; x_wconf 88' lang='lat' dir='ltr'><strong>libere</strong></span> <span class='ocrx_word' id='word_1_248' title='bbox 1231 1971 1519 2025; x_wconf 85' lang='lat' dir='ltr'><strong>disponendam</strong></span> <span class='ocrx_word' id='word_1_249' title='bbox 1547 1970 1790 2018; x_wconf 86' lang='lat' dir='ltr'><strong>concedunt,</strong></span> <span class='ocrx_word' id='word_1_250' title='bbox 1819 1969 1953 2009; x_wconf 88' lang='lat' dir='ltr'><strong>addita</strong></span> <span class='ocrx_word' id='word_1_251' title='bbox 1981 1971 2213 2017; x_wconf 87' lang='lat' dir='ltr'><strong>monitione,</strong></span> <span class='ocrx_word' id='word_1_252' title='bbox 2242 1974 2287 2010; x_wconf 90' lang='lat' dir='ltr'><strong>ut</strong></span> <span class='ocrx_word' id='word_1_253' title='bbox 2314 1983 2402 2010; x_wconf 90' lang='lat' dir='ltr'><strong>cum</strong></span> <span class='ocrx_word' id='word_1_254' title='bbox 2432 1970 2564 2022; x_wconf 73' lang='lat' dir='ltr'><strong>singu-</strong></span> 
     </span>
    </p>
   </div>
   <div class='ocr_carea' id='block_1_18' title="bbox 351 2039 2166 2149">
    <p class='ocr_par' dir='ltr' id='par_1_18' title="bbox 351 2039 2166 2149">
     <span class='ocr_line' id='line_1_31' title="bbox 351 2039 2166 2096; baseline -0.006 -8"><span class='ocrx_word' id='word_1_255' title='bbox 351 2050 419 2088; x_wconf 93' lang='lat' dir='ltr'><strong>lari</strong></span> <span class='ocrx_word' id='word_1_256' title='bbox 448 2047 646 2088; x_wconf 89' lang='lat' dir='ltr'><strong>desiderio</strong></span> <span class='ocrx_word' id='word_1_257' title='bbox 676 2050 716 2087; x_wconf 92' lang='lat' dir='ltr'><strong>et</strong></span> <span class='ocrx_word' id='word_1_258' title='bbox 743 2046 892 2084; x_wconf 86' lang='lat' dir='ltr'><strong>honore</strong></span> <span class='ocrx_word' id='word_1_259' title='bbox 920 2045 1148 2084; x_wconf 88' lang='lat' dir='ltr'><strong>memoriam</strong></span> <span class='ocrx_word' id='word_1_260' title='bbox 1179 2044 1269 2096; x_wconf 88' lang='lat' dir='ltr'><strong>ejus</strong></span> <span class='ocrx_word' id='word_1_261' title='bbox 1298 2042 1358 2089; x_wconf 81' lang='lat' dir='ltr'><strong>(S.</strong></span> <span class='ocrx_word' id='word_1_262' title='bbox 1387 2041 1600 2087; x_wconf 82' lang='lat' dir='ltr'><strong>Remaelii)</strong></span> <span class='ocrx_word' id='word_1_263' title='bbox 1631 2040 1776 2080; x_wconf 80' lang='lat' dir='ltr'><strong>foveat.</strong></span> <span class='ocrx_word' id='word_1_264' title='bbox 1808 2062 1856 2068; x_wconf 93' lang='lat'><strong>—-</strong></span> <span class='ocrx_word' id='word_1_265' title='bbox 1888 2039 2027 2079; x_wconf 88' lang='lat' dir='ltr'><strong>Indict.</strong></span> <span class='ocrx_word' id='word_1_266' title='bbox 2055 2039 2166 2080; x_wconf 78' lang='lat' dir='ltr'><strong>XIV.</strong></span> 
     </span>
     <span class='ocr_line' id='line_1_32' title="bbox 739 2109 1985 2149; baseline -0.005 0"><span class='ocrx_word' id='word_1_267' title='bbox 739 2118 897 2149; x_wconf 80' lang='lat' dir='ltr'><strong>Martene</strong></span> <span class='ocrx_word' id='word_1_268' title='bbox 921 2118 954 2148; x_wconf 86' lang='lat' dir='ltr'><strong>et</strong></span> <span class='ocrx_word' id='word_1_269' title='bbox 977 2114 1130 2148; x_wconf 79' lang='lat' dir='ltr'><strong>Durand.</strong></span> <span class='ocrx_word' id='word_1_270' title='bbox 1156 2116 1231 2147; x_wconf 85' lang='lat' dir='ltr'><strong>Ser.</strong></span> <span class='ocrx_word' id='word_1_271' title='bbox 1256 2115 1335 2146; x_wconf 84' lang='lat' dir='ltr'><strong>vett.</strong></span> <span class='ocrx_word' id='word_1_272' title='bbox 1361 2115 1426 2146; x_wconf 83' lang='lat' dir='ltr'><strong>etc.</strong></span> <span class='ocrx_word' id='word_1_273' title='bbox 1451 2110 1617 2145; x_wconf 90' lang='lat' dir='ltr'><strong>Collectio</strong></span> <span class='ocrx_word' id='word_1_274' title='bbox 1643 2112 1739 2144; x_wconf 85' lang='lat' dir='ltr'><strong>Tom.</strong></span> <span class='ocrx_word' id='word_1_275' title='bbox 1765 2110 1812 2144; x_wconf 89' lang='lat'><strong>11.</strong></span> <span class='ocrx_word' id='word_1_276' title='bbox 1836 2109 1985 2143; x_wconf 68' lang='lat'><strong>94-95.</strong></span> 
     </span>
    </p>
   </div>
   <div class='ocr_carea' id='block_1_19' title="bbox 1381 2224 1528 2274">
    <p class='ocr_par' dir='ltr' id='par_1_19' title="bbox 1381 2224 1528 2274">
     <span class='ocr_line' id='line_1_33' title="bbox 1381 2224 1528 2274; baseline -0.007 -1"><span class='ocrx_word' id='word_1_277' title='bbox 1381 2224 1528 2274; x_wconf 86' lang='lat'><strong>1137.</strong></span> 
     </span>
    </p>
   </div>
   <div class='ocr_carea' id='block_1_20' title="bbox 353 2320 2566 2585">
    <p class='ocr_par' dir='ltr' id='par_1_20' title="bbox 353 2320 2566 2585">
     <span class='ocr_line' id='line_1_34' title="bbox 614 2320 2565 2376; baseline -0.004 -10"><span class='ocrx_word' id='word_1_278' title='bbox 614 2326 744 2376; x_wconf 65' lang='lat'><em>[180]</em></span> <span class='ocrx_word' id='word_1_279' title='bbox 803 2324 991 2365; x_wconf 86' lang='lat' dir='ltr'><strong>Guibaldi</strong></span> <span class='ocrx_word' id='word_1_280' title='bbox 1027 2323 1185 2363; x_wconf 83' lang='lat' dir='ltr'><strong>abbatis</strong></span> <span class='ocrx_word' id='word_1_281' title='bbox 1224 2322 1459 2361; x_wconf 86' lang='lat' dir='ltr'><strong>Casinensis</strong></span> <span class='ocrx_word' id='word_1_282' title='bbox 1495 2321 1546 2360; x_wconf 88' lang='lat' dir='ltr'><strong>ad</strong></span> <span class='ocrx_word' id='word_1_283' title='bbox 1581 2320 1814 2360; x_wconf 89' lang='lat' dir='ltr'><strong>Lotharium</strong></span> <span class='ocrx_word' id='word_1_284' title='bbox 1852 2321 2126 2372; x_wconf 87' lang='lat' dir='ltr'><strong>imperatorem</strong></span> <span class='ocrx_word' id='word_1_285' title='bbox 2164 2320 2355 2373; x_wconf 89' lang='lat' dir='ltr'><strong>epistola,</strong></span> <span class='ocrx_word' id='word_1_286' title='bbox 2412 2322 2450 2359; x_wconf 91' lang='lat' dir='ltr'><strong>in</strong></span> <span class='ocrx_word' id='word_1_287' title='bbox 2489 2333 2565 2374; x_wconf 86' lang='lat' dir='ltr'><strong>qua</strong></span> 
     </span>
     <span class='ocr_line' id='line_1_35' title="bbox 353 2390 2566 2444; baseline -0.004 -6"><span class='ocrx_word' id='word_1_288' title='bbox 353 2399 600 2439; x_wconf 83' lang='lat' dir='ltr'><strong>calamitates</strong></span> <span class='ocrx_word' id='word_1_289' title='bbox 629 2397 861 2436; x_wconf 87' lang='lat' dir='ltr'><strong>monasterii</strong></span> <span class='ocrx_word' id='word_1_290' title='bbox 892 2395 1128 2435; x_wconf 87' lang='lat' dir='ltr'><strong>Casinensis</strong></span> <span class='ocrx_word' id='word_1_291' title='bbox 1158 2394 1194 2432; x_wconf 90' lang='lat' dir='ltr'><strong>ei</strong></span> <span class='ocrx_word' id='word_1_292' title='bbox 1224 2393 1407 2444; x_wconf 75' lang='lat' dir='ltr'><strong>exponit,</strong></span> <span class='ocrx_word' id='word_1_293' title='bbox 1437 2392 1702 2444; x_wconf 64' lang='lat' dir='ltr'><strong>auxiliumque</strong></span> <span class='ocrx_word' id='word_1_294' title='bbox 1733 2391 1824 2442; x_wconf 85' lang='lat' dir='ltr'><strong>ejus</strong></span> <span class='ocrx_word' id='word_1_295' title='bbox 1853 2394 1894 2428; x_wconf 88' lang='lat' dir='ltr'><strong>et</strong></span> <span class='ocrx_word' id='word_1_296' title='bbox 1921 2391 2205 2442; x_wconf 89' lang='lat' dir='ltr'><strong>protectionem</strong></span> <span class='ocrx_word' id='word_1_297' title='bbox 2237 2390 2432 2443; x_wconf 76' lang='lat' dir='ltr'><strong>implorat,</strong></span> <span class='ocrx_word' id='word_1_298' title='bbox 2461 2394 2566 2430; x_wconf 89' lang='lat' dir='ltr'><strong>cete·</strong></span> 
     </span>
     <span class='ocr_line' id='line_1_36' title="bbox 353 2460 2566 2520; baseline -0.004 -12"><span class='ocrx_word' id='word_1_299' title='bbox 353 2483 435 2508; x_wconf 89' lang='lat' dir='ltr'><strong>rum</strong></span> <span class='ocrx_word' id='word_1_300' title='bbox 464 2469 638 2520; x_wconf 80' lang='lat' dir='ltr'><strong>allegans</strong></span> <span class='ocrx_word' id='word_1_301' title='bbox 667 2467 717 2506; x_wconf 89' lang='lat' dir='ltr'><strong>ad</strong></span> <span class='ocrx_word' id='word_1_302' title='bbox 746 2466 977 2506; x_wconf 88' lang='lat' dir='ltr'><strong>relationem</strong></span> <span class='ocrx_word' id='word_1_303' title='bbox 1007 2463 1116 2503; x_wconf 91' lang='lat' dir='ltr'><strong>Petri</strong></span> <span class='ocrx_word' id='word_1_304' title='bbox 1146 2462 1323 2508; x_wconf 87' lang='lat' dir='ltr'><strong>diaconi,</strong></span> <span class='ocrx_word' id='word_1_305' title='bbox 1367 2461 1575 2515; x_wconf 79' lang='lat' dir='ltr'><strong>“epistolae</strong></span> <span class='ocrx_word' id='word_1_306' title='bbox 1605 2460 1726 2513; x_wconf 87' lang='lat' dir='ltr'><strong>hujus</strong></span> <span class='ocrx_word' id='word_1_307' title='bbox 1756 2460 2011 2506; x_wconf 83' lang='lat' dir='ltr'><strong>dictatoris”‚</strong></span> <span class='ocrx_word' id='word_1_308' title='bbox 2056 2474 2173 2513; x_wconf 89' lang='lat' dir='ltr'><strong>quem</strong></span> <span class='ocrx_word' id='word_1_309' title='bbox 2205 2462 2243 2499; x_wconf 92' lang='lat' dir='ltr'><strong>in</strong></span> <span class='ocrx_word' id='word_1_310' title='bbox 2275 2460 2566 2506; x_wconf 88' lang='lat' dir='ltr'><strong>Alemanniam,</strong></span> 
     </span>
     <span class='ocr_line' id='line_1_37' title="bbox 355 2529 2564 2585; baseline -0.004 -7"><span class='ocrx_word' id='word_1_311' title='bbox 355 2540 579 2584; x_wconf 80' lang='lat' dir='ltr'><strong>Saxoniam,</strong></span> <span class='ocrx_word' id='word_1_312' title='bbox 608 2538 808 2582; x_wconf 60' lang='lat' dir='ltr'><strong>Duum,</strong></span> <span class='ocrx_word' id='word_1_313' title='bbox 839 2535 1025 2574; x_wconf 76' lang='lat' dir='ltr'><strong>Sveviam</strong></span> <span class='ocrx_word' id='word_1_314' title='bbox 1056 2546 1102 2572; x_wconf 90' lang='lat' dir='ltr'><strong>ac</strong></span> <span class='ocrx_word' id='word_1_315' title='bbox 1130 2532 1429 2585; x_wconf 77' lang='lat' dir='ltr'><strong>Lotharingiam</strong></span> <span class='ocrx_word' id='word_1_316' title='bbox 1458 2533 1615 2571; x_wconf 90' lang='lat' dir='ltr'><strong>mittere</strong></span> <span class='ocrx_word' id='word_1_317' title='bbox 1645 2530 1874 2569; x_wconf 81' lang='lat' dir='ltr'><strong>decreverat</strong></span> <span class='ocrx_word' id='word_1_318' title='bbox 1903 2529 2076 2578; x_wconf 90' lang='lat' dir='ltr'><strong>(seilicet</strong></span> <span class='ocrx_word' id='word_1_319' title='bbox 2103 2530 2155 2569; x_wconf 93' lang='lat' dir='ltr'><strong>ad</strong></span> <span class='ocrx_word' id='word_1_320' title='bbox 2183 2532 2374 2584; x_wconf 88' lang='lat' dir='ltr'><strong>pecunias</strong></span> <span class='ocrx_word' id='word_1_321' title='bbox 2406 2533 2443 2570; x_wconf 86' lang='lat' dir='ltr'><strong>in</strong></span> <span class='ocrx_word' id='word_1_322' title='bbox 2473 2529 2564 2570; x_wconf 83' lang='lat' dir='ltr'><strong>sub-</strong></span> 
     </span>
    </p>
   </div>
   <div class='ocr_carea' id='block_1_21' title="bbox 356 2604 2569 2770">
    <p class='ocr_par' dir='ltr' id='par_1_21' title="bbox 356 2604 2569 2770">
     <span class='ocr_line' id='line_1_38' title="bbox 356 2604 2511 2652; baseline -0.006 -5"><span class='ocrx_word' id='word_1_323' title='bbox 356 2609 498 2647; x_wconf 76' lang='lat' dir='ltr'><strong>sidium</strong></span> <span class='ocrx_word' id='word_1_324' title='bbox 528 2607 756 2647; x_wconf 88' lang='lat' dir='ltr'><strong>monasterii</strong></span> <span class='ocrx_word' id='word_1_325' title='bbox 787 2604 1106 2652; x_wconf 87' lang='lat' dir='ltr'><strong>contrahendas).</strong></span> <span class='ocrx_word' id='word_1_326' title='bbox 2500 2644 2511 2651; x_wconf 26' lang='grc' dir='ltr'>ἱ</span> 
     </span>
     <span class='ocr_line' id='line_1_39' title="bbox 744 2669 2569 2718; baseline -0.003 -10"><span class='ocrx_word' id='word_1_327' title='bbox 744 2677 902 2708; x_wconf 75' lang='lat' dir='ltr'><strong>Martene</strong></span> <span class='ocrx_word' id='word_1_328' title='bbox 938 2678 971 2708; x_wconf 87' lang='lat' dir='ltr'><strong>et</strong></span> <span class='ocrx_word' id='word_1_329' title='bbox 1005 2674 1160 2706; x_wconf 85' lang='lat' dir='ltr'><strong>Durand.</strong></span> <span class='ocrx_word' id='word_1_330' title='bbox 1197 2673 1339 2718; x_wconf 86' lang='lat' dir='ltr'><strong>Scriptt.</strong></span> <span class='ocrx_word' id='word_1_331' title='bbox 1374 2676 1457 2707; x_wconf 86' lang='lat' dir='ltr'><strong>vett.</strong></span> <span class='ocrx_word' id='word_1_332' title='bbox 1494 2671 1660 2706; x_wconf 85' lang='lat' dir='ltr'><strong>Collectio</strong></span> <span class='ocrx_word' id='word_1_333' title='bbox 1697 2672 1793 2704; x_wconf 87' lang='lat' dir='ltr'><strong>Tom.</strong></span> <span class='ocrx_word' id='word_1_334' title='bbox 1829 2670 1877 2704; x_wconf 87' lang='lat'><strong>11.</strong></span> <span class='ocrx_word' id='word_1_335' title='bbox 1917 2669 2085 2704; x_wconf 82' lang='lat'><strong>183-86.</strong></span> <span class='ocrx_word' id='word_1_336' title='bbox 2147 2671 2222 2705; x_wconf 82' lang='lat' dir='ltr'><strong>cfr.</strong></span> <span class='ocrx_word' id='word_1_337' title='bbox 2259 2671 2365 2704; x_wconf 82' lang='lat' dir='ltr'><strong>Suhm</strong></span> <span class='ocrx_word' id='word_1_338' title='bbox 2405 2670 2497 2704; x_wconf 76' lang='lat' dir='ltr'><strong>nist.</strong></span> <span class='ocrx_word' id='word_1_339' title='bbox 2530 2671 2569 2703; x_wconf 83' lang='lat' dir='ltr'><strong>af</strong></span> 
     </span>
     <span class='ocr_line' id='line_1_40' title="bbox 749 2735 1189 2770; baseline -0.002 0"><span class='ocrx_word' id='word_1_340' title='bbox 749 2737 898 2770; x_wconf 82' lang='lat' dir='ltr'><strong>Danmk.</strong></span> <span class='ocrx_word' id='word_1_341' title='bbox 922 2738 968 2770; x_wconf 87' lang='lat' dir='ltr'><strong>V.</strong></span> <span class='ocrx_word' id='word_1_342' title='bbox 993 2735 1189 2769; x_wconf 82' lang='lat'><strong>536—537.</strong></span> 
     </span>
    </p>
   </div>
   <div class='ocr_carea' id='block_1_22' title="bbox 1283 2831 1626 2885">
    <p class='ocr_par' dir='ltr' id='par_1_22' title="bbox 1283 2831 1626 2885">
     <span class='ocr_line' id='line_1_41' title="bbox 1283 2831 1626 2885; baseline -0.006 -1"><span class='ocrx_word' id='word_1_343' title='bbox 1283 2831 1626 2885; x_wconf 78' lang='lat'><strong>1138—1139.</strong></span> 
     </span>
    </p>
   </div>
   <div class='ocr_carea' id='block_1_23' title="bbox 360 2929 2569 3326">
    <p class='ocr_par' dir='ltr' id='par_1_23' title="bbox 360 2929 2569 3258">
     <span class='ocr_line' id='line_1_42' title="bbox 619 2929 2569 2986; baseline -0.002 -13"><span class='ocrx_word' id='word_1_344' title='bbox 619 2935 746 2983; x_wconf 64' lang='lat'><em>[181]</em></span> <span class='ocrx_word' id='word_1_345' title='bbox 804 2935 1026 2984; x_wconf 61' lang='lat' dir='ltr'><strong>Romam)</strong></span> <span class='ocrx_word' id='word_1_346' title='bbox 1064 2934 1244 2986; x_wconf 86' lang='lat' dir='ltr'><strong>episcopi</strong></span> <span class='ocrx_word' id='word_1_347' title='bbox 1281 2932 1547 2972; x_wconf 87' lang='lat' dir='ltr'><strong>Othoniensis</strong></span> <span class='ocrx_word' id='word_1_348' title='bbox 1585 2934 1625 2969; x_wconf 92' lang='lat' dir='ltr'><strong>et</strong></span> <span class='ocrx_word' id='word_1_349' title='bbox 1654 2929 1703 2970; x_wconf 85' lang='lat' dir='ltr'><strong>B.</strong></span> <span class='ocrx_word' id='word_1_350' title='bbox 1731 2931 1897 2982; x_wconf 88' lang='lat' dir='ltr'><strong>prioris,</strong></span> <span class='ocrx_word' id='word_1_351' title='bbox 1936 2931 2140 2983; x_wconf 91' lang='lat' dir='ltr'><strong>totiusque</strong></span> <span class='ocrx_word' id='word_1_352' title='bbox 2169 2933 2388 2969; x_wconf 90' lang='lat' dir='ltr'><strong>conventus</strong></span> <span class='ocrx_word' id='word_1_353' title='bbox 2426 2929 2569 2978; x_wconf 63' lang='lat' dir='ltr'><strong>literae,</strong></span> 
     </span>
     <span class='ocr_line' id='line_1_43' title="bbox 362 2998 2567 3056; baseline -0 -18"><span class='ocrx_word' id='word_1_354' title='bbox 362 2999 506 3052; x_wconf 79' lang='lat' dir='ltr'><strong>quibus</strong></span> <span class='ocrx_word' id='word_1_355' title='bbox 527 3002 615 3053; x_wconf 86' lang='lat' dir='ltr'><strong>jura</strong></span> <span class='ocrx_word' id='word_1_356' title='bbox 645 3008 683 3042; x_wconf 91' lang='lat' dir='ltr'><strong>et</strong></span> <span class='ocrx_word' id='word_1_357' title='bbox 713 3006 921 3044; x_wconf 85' lang='lat' dir='ltr'><strong>societatis</strong></span> <span class='ocrx_word' id='word_1_358' title='bbox 951 3004 1066 3050; x_wconf 82' lang='lat' dir='ltr'><strong>ratio,</strong></span> <span class='ocrx_word' id='word_1_359' title='bbox 1096 3016 1180 3056; x_wconf 66' lang='lat' dir='ltr'><strong>qua}</strong></span> <span class='ocrx_word' id='word_1_360' title='bbox 1214 3004 1315 3042; x_wconf 88' lang='lat' dir='ltr'><strong>inter</strong></span> <span class='ocrx_word' id='word_1_361' title='bbox 1340 3002 1554 3042; x_wconf 87' lang='lat' dir='ltr'><strong>ecclesiam</strong></span> <span class='ocrx_word' id='word_1_362' title='bbox 1581 2999 1871 3040; x_wconf 83' lang='lat' dir='ltr'><strong>Othoniensem</strong></span> <span class='ocrx_word' id='word_1_363' title='bbox 1900 3003 1940 3038; x_wconf 89' lang='lat' dir='ltr'><strong>et</strong></span> <span class='ocrx_word' id='word_1_364' title='bbox 1962 2999 2317 3045; x_wconf 83' lang='lat' dir='ltr'><strong>Eveshamensem,</strong></span> <span class='ocrx_word' id='word_1_365' title='bbox 2346 2998 2567 3052; x_wconf 85' lang='lat' dir='ltr'><strong>fratresque</strong></span> 
     </span>
     <span class='ocr_line' id='line_1_44' title="bbox 363 3068 2564 3122; baseline -0 -15"><span class='ocrx_word' id='word_1_366' title='bbox 363 3071 399 3107; x_wconf 89' lang='lat' dir='ltr'><strong>in</strong></span> <span class='ocrx_word' id='word_1_367' title='bbox 434 3073 598 3122; x_wconf 87' lang='lat' dir='ltr'><strong>utroque</strong></span> <span class='ocrx_word' id='word_1_368' title='bbox 627 3071 713 3111; x_wconf 90' lang='lat' dir='ltr'><strong>loco</strong></span> <span class='ocrx_word' id='word_1_369' title='bbox 744 3074 960 3121; x_wconf 89' lang='lat' dir='ltr'><strong>ordinatos,</strong></span> <span class='ocrx_word' id='word_1_370' title='bbox 990 3074 1025 3112; x_wconf 91' lang='lat' dir='ltr'><strong>si</strong></span> <span class='ocrx_word' id='word_1_371' title='bbox 1056 3087 1103 3112; x_wconf 79' lang='lat' dir='ltr'><strong>ex</strong></span> <span class='ocrx_word' id='word_1_372' title='bbox 1132 3086 1209 3111; x_wconf 92' lang='lat' dir='ltr'><strong>uno</strong></span> <span class='ocrx_word' id='word_1_373' title='bbox 1240 3076 1436 3111; x_wconf 79' lang='lat' dir='ltr'><strong>conventu</strong></span> <span class='ocrx_word' id='word_1_374' title='bbox 1465 3073 1504 3110; x_wconf 89' lang='lat' dir='ltr'><strong>in</strong></span> <span class='ocrx_word' id='word_1_375' title='bbox 1534 3070 1696 3109; x_wconf 91' lang='lat' dir='ltr'><strong>alterum</strong></span> <span class='ocrx_word' id='word_1_376' title='bbox 1726 3071 1916 3116; x_wconf 86' lang='lat' dir='ltr'><strong>venirent,</strong></span> <span class='ocrx_word' id='word_1_377' title='bbox 1947 3070 2093 3109; x_wconf 79' lang='lat' dir='ltr'><strong>servari</strong></span> <span class='ocrx_word' id='word_1_378' title='bbox 2123 3068 2297 3115; x_wconf 90' lang='lat' dir='ltr'><strong>deberet,</strong></span> <span class='ocrx_word' id='word_1_379' title='bbox 2327 3068 2564 3108; x_wconf 87' lang='lat' dir='ltr'><strong>ordinantur.</strong></span> 
     </span>
     <span class='ocr_line' id='line_1_45' title="bbox 360 3137 2560 3196; baseline 0.001 -21"><span class='ocrx_word' id='word_1_380' title='bbox 360 3137 708 3191; x_wconf 81' lang='lat' dir='ltr'><strong>Subscripserunt:</strong></span> <span class='ocrx_word' id='word_1_381' title='bbox 763 3143 949 3182; x_wconf 84' lang='lat' dir='ltr'><strong>Riculsus</strong></span> <span class='ocrx_word' id='word_1_382' title='bbox 979 3144 1217 3196; x_wconf 87' lang='lat' dir='ltr'><strong>episcopus,</strong></span> <span class='ocrx_word' id='word_1_383' title='bbox 1252 3143 1377 3195; x_wconf 81' lang='lat' dir='ltr'><strong>Riqui</strong></span> <span class='ocrx_word' id='word_1_384' title='bbox 1408 3143 1625 3195; x_wconf 83' lang='lat' dir='ltr'><strong>episcopus</strong></span> <span class='ocrx_word' id='word_1_385' title='bbox 1657 3139 1976 3190; x_wconf 85' lang='lat' dir='ltr'><strong>(Roskildensis)</strong></span> <span class='ocrx_word' id='word_1_386' title='bbox 2007 3144 2047 3179; x_wconf 91' lang='lat' dir='ltr'><strong>et</strong></span> <span class='ocrx_word' id='word_1_387' title='bbox 2075 3139 2197 3178; x_wconf 88' lang='lat' dir='ltr'><strong>llluch</strong></span> <span class='ocrx_word' id='word_1_388' title='bbox 2227 3140 2442 3193; x_wconf 86' lang='lat' dir='ltr'><strong>episcopus</strong></span> <span class='ocrx_word' id='word_1_389' title='bbox 2472 3138 2560 3186; x_wconf 83' lang='lat' dir='ltr'><strong>(Ar-</strong></span> 
     </span>
     <span class='ocr_line' id='line_1_46' title="bbox 362 3207 944 3258; baseline 0.01 -13"><span class='ocrx_word' id='word_1_390' title='bbox 362 3207 595 3258; x_wconf 78' lang='lat' dir='ltr'><strong>husiensis).</strong></span> <span class='ocrx_word' id='word_1_391' title='bbox 629 3231 673 3237; x_wconf 84' lang='lat'><em>—</em></span> <span class='ocrx_word' id='word_1_392' title='bbox 709 3211 801 3250; x_wconf 86' lang='lat' dir='ltr'><strong>Sine</strong></span> <span class='ocrx_word' id='word_1_393' title='bbox 831 3226 944 3251; x_wconf 87' lang='lat' dir='ltr'><strong>anno.</strong></span> 
     </span>
    </p>

    <p class='ocr_par' dir='ltr' id='par_1_24' title="bbox 750 3276 2267 3326">
     <span class='ocr_line' id='line_1_47' title="bbox 750 3276 2267 3326; baseline 0 -15"><span class='ocrx_word' id='word_1_394' title='bbox 750 3281 961 3315; x_wconf 79' lang='lat' dir='ltr'><strong>Monasticon</strong></span> <span class='ocrx_word' id='word_1_395' title='bbox 985 3282 1210 3326; x_wconf 57' lang='lat' dir='ltr'><strong>anglicanum</strong></span> <span class='ocrx_word' id='word_1_396' title='bbox 1235 3281 1262 3314; x_wconf 89' lang='lat'><strong>1.</strong></span> <span class='ocrx_word' id='word_1_397' title='bbox 1291 3281 1366 3316; x_wconf 84' lang='lat'><strong>150.</strong></span> <span class='ocrx_word' id='word_1_398' title='bbox 1417 3282 1489 3316; x_wconf 82' lang='lat' dir='ltr'><strong>Cfr.</strong></span> <span class='ocrx_word' id='word_1_399' title='bbox 1517 3279 1621 3314; x_wconf 87' lang='lat' dir='ltr'><strong>Suhm</strong></span> <span class='ocrx_word' id='word_1_400' title='bbox 1648 3277 1740 3312; x_wconf 76' lang='lat' dir='ltr'><strong>nist.</strong></span> <span class='ocrx_word' id='word_1_401' title='bbox 1767 3279 1806 3311; x_wconf 79' lang='lat' dir='ltr'><strong>as</strong></span> <span class='ocrx_word' id='word_1_402' title='bbox 1827 3279 1975 3313; x_wconf 76' lang='lat' dir='ltr'><strong>Danmk.</strong></span> <span class='ocrx_word' id='word_1_403' title='bbox 2000 3280 2046 3313; x_wconf 83' lang='lat' dir='ltr'><strong>V.</strong></span> <span class='ocrx_word' id='word_1_404' title='bbox 2072 3276 2267 3311; x_wconf 82' lang='lat'><strong>561—563.</strong></span> 
     </span>
    </p>
   </div>
  </div>
 </body>
</html>
