2649 3686
177 330 293 369 1234.

134 400 165 431 5.
204 397 319 431 Octbr.

125 673 178 704 25.
216 671 331 705 θεῶν.

126 941 179 973 25.
221 940 335 974 Octhr.

121 1211 175 1243 27.
215 1211 327 1244 Octbr.

122 1548 174 1579 27.
212 1546 323 1579 Octbr.

118 1819 170 1849 27.
209 1817 322 1850 Octbr.

112 2218 166 2249 31.
206 2218 318 2250 Octbr.

115 2561 167 2591 231.
205 2561 317 2592 Octbr.

128 2831 159 2860 8.
195 2830 310 2861 Decbr.

168 3160 281 3198 1235.

117 3244 166 3274 10.
193 3243 320 3276 Martii.

364 159 461 208 102
1035 157 1187 204 KoxG
1221 153 1510 202 VALDEMAR
1546 164 1643 197 nEx
1677 147 1879 197 Axmzx.

362 336 444 379 tur,
489 346 535 372 se
569 331 842 371 archidiacono
873 329 1076 369 Lundensi
1115 332 1154 367 et
1190 325 1319 365 abbati
1356 322 1404 361 de
1433 320 1633 360 Herviado
1665 319 1897 370 (He-rivado)
1926 318 2158 358 Lundensis
2202 318 2441 360 dioeceseos
2477 322 2563 374 jus-

359 415 517 447 surum,
545 406 588 440 ut
613 415 721 448 eum,
751 401 1011 453 appellatione
1041 401 1201 442 remota,
1231 405 1395 433 censura
1427 391 1702 429 ecclesiastica
1733 393 1960 435 cocrceant‚
1989 387 2168 427 “brachii
2196 389 2390 428 secularis
2415 392 2562 430 auxilio

358 471 407 510 ad
437 471 531 518 hoc,
561 473 597 509 si
629 484 728 523 opus
759 469 893 515 suerit,
920 468 1172 506 nihilominus
1202 461 1420 503 invocat0”.
1450 482 1503 488 --
1533 459 1721 507 Perusii,
1753 458 1822 497 III.
1852 472 1942 498 non.
1973 457 2137 497 Octobr.
2166 458 2308 511 pontif.
2331 472 2433 498 anno
2456 459 2562 500 Vlll.

749 537 932 571 Thorkelin
958 537 1178 579 Diplomatar.
1204 534 1439 572 Arna-Magn.
1465 529 1510 562 11.
1536 540 1568 572 p.
1595 528 1651 562 26.
1711 528 1803 572 Epit.
1837 539 1890 572 ap.
1916 527 2085 572 Raynald.
2112 527 2248 561 Contin.
2272 530 2396 562 Baron.
2433 530 2476 562 ad
2509 540 2562 566 an.

751 600 847 632 1231.
875 599 1020 632 XLVII.
1047 599 1140 628 Toni.
1166 595 1205 627 11.
1232 605 1264 636 p.
1293 593 1367 625 114.

617 663 744 710 [756]
803 661 1014 701 Gau-:Gonu
1058 655 1185 705 (Ixni)
1220 668 1329 708 papae
1358 652 1484 698 bulla,
1529 665 1607 704 qua
1637 651 1941 704 archiepiscopo
1979 650 2187 690 Lundensi
2224 654 2265 690 et
2302 653 2564 705 suffraganeis

360 734 544 785 imperat,
586 738 629 771 ut
665 734 867 771 invasores
896 729 1083 768 bonorum
1118 724 1346 764 monasterii
1378 723 1426 761 de
1453 722 1553 760 Sora
1591 721 1718 760 laicos
1747 722 2113 768 excommunicent,
2155 722 2325 762 clericos
2354 723 2403 762 ab
2435 724 2563 764 officio

359 802 623 855 suspendant,
654 801 775 839 donec
807 800 912 838 laesis
942 796 1220 835 satisfecerint.
1248 815 1301 821 --
1330 792 1520 839 Perusii,
1551 790 1657 830 VIII.
1687 791 1761 830 cal.
1789 791 2006 831 Novembr.
2034 791 2177 844 pontif.
2207 805 2309 832 anno
2340 798 2494 833 octavo.

746 868 930 900 Thorkelin
954 866 1180 908 Diplomatar.
1205 865 1442 903 Arna-Magn.
1468 862 1494 893 Ι.
1519 872 1550 904 p.
1580 861 1656 894 121.

615 930 740 978 [757.]
800 929 1006 967 Gai-:Gonu
1037 924 1166 975 (anf)
1196 938 1305 977 papae
1333 923 1604 976 privilegium,
1634 922 1843 962 monachis
1873 923 1922 962 de
1952 923 2054 962 Sora
2084 923 2233 971 datum,
2263 937 2311 963 ne
2340 924 2441 963 ultra
2463 925 2564 966 duas

358 999 485 1038 dietas
514 1012 535 1038 a
564 1001 718 1052 proprio
750 1012 821 1037 suo
852 996 1088 1035 monasterio
1119 1008 1238 1046 super
1266 993 1382 1032 bonis
1412 993 1534 1032 istius
1562 1007 1633 1046 per
1661 993 1798 1033 literas
1827 994 2073 1047 apostolicas
2099 994 2301 1033 trahantur
2325 996 2363 1033 in
2387 1009 2561 1034 causam.

357 1091 408 1098 —-
437 1069 623 1116 Perusie',
654 1067 758 1106 VIII.
788 1065 935 1105 calend.
966 1063 1178 1103 Novemhr.
1207 1063 1345 1116 pontif.
1378 1076 1479 1101 anno
1512 1067 1667 1103 octavo.

743 1135 925 1168 Thorkelin
952 1134 1178 1177 Diplomatar.
1203 1135 1445 1174 Arna-Magn,
1471 1135 1498 1166 Ι.
1525 1145 1555 1176 p.
1583 1133 1663 1166 123.

609 1198 735 1248 [758]
793 1197 1010 1236 Gaeaonu
1042 1194 1168 1245 (Ixni)
1198 1208 1310 1247 papae
1340 1195 1481 1242 literae,
1518 1195 1663 1248 quibus
1702 1196 1895 1249 episcopo
1933 1196 2126 1249 Ripensi‚
2162 1197 2281 1249 priori
2321 1194 2380 1235 Sti
2407 1195 2562 1236 'Nicolai

353 1275 393 1310 et
420 1269 690 1310 archidiacono
720 1269 888 1320 Ripensi
918 1268 1102 1319 imperat,
1146 1269 1191 1303 ut
1218 1265 1329 1312 illos,
1374 1266 1440 1318 qui
1470 1279 1540 1317 per
1566 1266 1811 1318 provinciam
1841 1266 2098 1305 Lundensem
2137 1267 2310 1319 injustas
2340 1268 2562 1307 sententias

353 1339 510 1378 tulerint
538 1341 573 1377 in
604 1338 767 1377 abbates
797 1342 836 1376 et
864 1337 1004 1375 fratres
1034 1335 1179 1374 ordinis
1212 1335 1512 1383 Cisterciensis,
1552 1336 1603 1375 ad
1632 1336 1960 1376 satisfaciendum
1990 1341 2144 1388 cogant.
2185 1359 2239 1365 —
2267 1336 2456 1386 Perus-ii,
2493 1337 2561 1376 Vl.

351 1408 499 1447 calend.
528 1408 736 1447 Novemhr.
767 1407 904 1460 pontif.
935 1421 1033 1445 anno
1066 1410 1217 1445 octavo.

737 1476 924 1509 Thorkelin
950 1476 1173 1519 Diplomarar.
1199 1478 1440 1517 Arna-Magn.
1467 1476 1495 1508 Ι.
1521 1487 1552 1519 p.
1582 1476 1657 1509 118.

608 1539 734 1587 [759]
793 1538 997 1577 Gnnconn
1028 1535 1156 1587 (ΙΧΠῙ)
1185 1551 1297 1590 papae
1319 1538 1582 1590 privilegium,
1612 1542 1656 1577 ut
1679 1538 1820 1578 fratres
1845 1538 1893 1577 de
1911 1539 2019 1577 Sorae
2043 1538 2285 1586 hominibuS,
2305 1539 2356 1578 ad
2377 1541 2558 1594 ejusdem

347 1610 571 1648 monasterii
602 1611 802 1648 servitium
840 1608 1194 1655 commorantibus,
1240 1609 1307 1660 qui
1343 1622 1418 1646 non
1449 1612 1624 1661 possunt
1652 1608 1700 1647 de
1740 1609 1845 1647 sacili
1876 1623 2036 1648 suorum
2068 1608 2214 1648 habere
2244 1612 2400 1663 copiam
2431 1625 2560 1650 sacer-

349 1678 500 1725 dotum,
545 1684 787 1718 sacramenta
831 1679 1014 1718 exhibere
1053 1679 1220 1717 valeant.
1249 1701 1299 1706 -—
1341 1678 1531 1728 Perusz'i,
1575 1678 1643 1717 Vl.
1673 1679 1824 1718 calend.
1854 1678 2065 1718 Novembr.
2096 1679 2236 1732 pontif.
2266 1693 2367 1719 anno
2405 1685 2559 1721 octavo.

737 1749 921 1781 Thorkelin
946 1749 1165 1791 Diplomatar.
1191 1751 1429 1790 Arna-Magn.
1456 1750 1483 1782 1.
1509 1761 1540 1792 p.
1570 1749 1645 1781 124.

605 1811 731 1859 [760]
791 1810 1004 1850 Gamonn
1030 1809 1159 1861 (IXnff)
1184 1825 1294 1864 papae
1311 1811 1430 1856 bulla,
1462 1825 1539 1864 qua
1561 1811 1864 1864 archiepiscopo
1886 1810 2092 1850 Lundensi
2118 1815 2158 1850 et
2181 1811 2445 1864 suffraganeis
2470 1814 2561 1866 ejus

348 1879 515 1931 aliisque
544 1882 713 1933 praelatis
743 1882 924 1934 imperat,
955 1885 998 1919 ut
1026 1883 1231 1921 invasores
1260 1883 1489 1920 monasterii
1528 1881 1789 1920 Esromensis
1824 1881 1950 1920 laicos
1989 1883 2348 1928 excommunicent,
2392 1883 2560 1922 clericos

349 1963 438 1988 vero
469 1949 516 1988 ab
549 1951 675 1989 officio
714 1951 976 2004 suspendant,
1020 1951 1145 1992 donec
1180 1952 1367 1992 fratribus
1397 1951 1680 1992 satisfecerint.
1723 1974 1777 1981 —
1819 1951 2007 2000 Perusii,
2051 1951 2119 1990 Vl.
2157 1952 2308 1991 cale‘nd.
2346 1951 2559 1992 Novembr-

347 2020 484 2072 pontis.
516 2033 614 2059 anno
645 2026 796 2060 octavo.

735 2092 918 2125 Tborkelin
943 2093 1168 2136 Dipiomatar.
1193 2095 1432 2136 Arna—Magn.
1458 2094 1485 2126 Ι.
1518 2103 1551 2136 p.
1587 2092 1664 2126 124.
1722 2091 1909 2133 Langebek
1944 2091 2085 2135 Scriptt.
2120 2092 2182 2128 IX.
2254 2117 2263 2126 .
2312 2092 2396 2125 Cod.
2421 2093 2558 2126 Esrom.

732 2154 792 2186 fol.
818 2152 1081 2187 xvlb—XVH.

602 2214 719 2266 [mh]
779 2216 989 2255 Gna-nonii
1022 2214 1155 2273 (ΙΧῐῑῆ)
1193 2231 1306 2270 papae
1345 2216 1472 2263 bulla,
1516 2230 1593 2269 qua
1631 2215 1933 2269 archiepiscopo
1970 2214 2176 2255 Lundensi
2217 2219 2257 2254 et
2294 2215 2557 2269 suffraganeis

346 2283 434 2333 ejus
464 2297 534 2322 nec
561 2299 635 2323 non
666 2286 756 2324 aliis
785 2286 956 2339 praelatis
985 2288 1195 2339 provinciae
1219 2286 1451 2326 Lundensis
1488 2288 1724 2339 injungitur,
1769 2288 1976 2326 invasores
2013 2286 2075 2324 vel
2112 2285 2386 2327 malefactores
2425 2301 2556 2326 mona-

346 2354 454 2391 sterii
480 2353 579 2393 Loci
606 2355 682 2395 Dei
721 2356 844 2395 laicos
883 2358 1305 2396 excommunicationis
1344 2358 1560 2404 sententia,
1604 2357 1773 2396 clericos
1811 2357 2078 2410 suspensione
2109 2355 2157 2395 al)
2189 2355 2318 2395 officio
2349 2357 2410 2396 vel
2439 2357 2556 2397 bene-

346 2422 453 2465 ficio.
483 2428 673 2464 coercere.
702 2449 753 2454 ——
785 2426 974 2474 Fen-1155,
1005 2426 1051 2465 II.
1082 2427 1231 2466 calend.
1263 2427 1476 2466 Novembr.
1505 2428 1646 2481 pontif.
1677 2442 1778 2467 anno
1809 2426 1916 2466 VIII.

733 2497 917 2537 Langebek
942 2496 1080 2539 Scriptt.
1106 2498 1203 2530 vlu.
1232 2497 1308 2530 190.

602 2558 720 2607 [762]
777 2558 1026 2597 Gnncomrs
1068 2558 1217 2607 (IXMS)
1254 2573 1357 2612 papa
1391 2561 1676 2598 monasterium
1705 2558 1806 2598 Loci
1835 2558 1911 2597 Dei
1949 2561 1989 2596 et
2026 2558 2116 2610 ejus
2153 2560 2443 2611 possessiones
2481 2560 2556 2600 sub

347 2637 418 2664 sua
447 2628 686 2677 protectione
717 2629 885 2680 suscipit
914 2629 1084 2681 ejusque
1114 2630 1320 2682 privilegia
1350 2630 1564 2669 coufirmat.
1593 2652 1648 2658 —-
1682 2629 1872 2678 Perusiz',
1912 2627 1961 2667 II.
1991 2627 2143 2666 calend.
2173 2627 2385 2668 Novembr.
2415 2631 2555 2683 pontif.

347 2707 444 2731 anno
476 2700 624 2734 octavo.

734 2768 919 2802 Lanzcbek
945 2769 1082 2812 Scriptt.
1108 2770 1206 2802 vm.
1236 2770 1311 2803 191.
1362 2771 1436 2804 Cfr.
1462 2771 1567 2804 Suhm
1593 2770 1685 2803 nist.
1711 2769 1752 2802 af
1773 2768 1918 2802 Danmk.
1945 2768 2005 2801 IX.
2032 2767 2112 2800 640.
2142 2768 2184 2799 77
2212 2792 2220 2801 .

606 2827 720 2877 [703]
780 2828 995 2869 Gamoonn
1033 2830 1161 2879 (lxm)
1205 2846 1316 2884 papse
1353 2833 1621 2885 privilegium,
1672 2835 1716 2870 ut
1752 2830 1913 2876 fratres,
1959 2829 2102 2884 quibus
2137 2844 2209 2882 pro
2247 2833 2384 2870 causis
2422 2846 2554 2873 mona-

351 2894 459 2930 sterii
497 2893 681 2933 Sorensis
719 2910 804 2934 cum
844 2898 967 2937 literis
1006 2901 1135 2949 sigillo
1175 2901 1332 2940 abbatis
1370 2903 1535 2941 munitis
1565 2901 1755 2940 destinari
1785 2901 2013 2951 contigerit,
2054 2899 2206 2939 admitti
2236 2903 2417 2953 possint,
2462 2903 2556 2942 licet

353 2962 520 3010 sigillum
551 2964 785 3017 archetypon
818 2980 890 3003 non
922 2967 1100 3007 habeant.
1130 2993 1182 2999 --
1211 2972 1399 3017 Perusiz‘,
1432 2972 1478 3010 V.
1510 2971 1561 3010 id.
1587 2969 1795 3010 Decemhr.
1824 2969 1963 3022 pontis.
1996 2983 2096 3008 anno
2128 2974 2281 3009 octavo.

739 3035 922 3068 'I'horkclin
950 3037 1168 3080 Diplomatar.
1194 3044 1430 3083 Arna—Magn.
1455 3043 1481 3074 Ι.
1510 3051 1542 3084 p.
1571 3040 1645 3073 126.

1366 3153 1510 3202 1235.

607 3242 732 3289 [704]
791 3243 1032 3285 GREGORH‘S
1062 3246 1211 3296 (lxxma)
1249 3250 1550 3304 archiepiscopo
1586 3248 1814 3296 Bremensi,
1858 3250 2007 3289 decano
2044 3249 2289 3288 Zwerinensi
2335 3254 2375 3289 et
2416 3249 2549 3290 abbati

351 3312 655 3352 Reine'deldesssi
688 3312 860 3357 mandat.
891 3320 932 3352 ut
962 3317 1150 3369 episcopo
1181 3319 1478 3372 Razeburgensi
1511 3324 1549 3359 et
1579 3321 1667 3372 ejus
1696 3319 1884 3372 collegis.
1924 3318 2130 3373 judicibus
2167 3332 2187 3358 a
2218 3333 2319 3372 papa
2359 3321 2397 3358 in
2428 3332 2549 3359 causa
2615 3319 2619 3342 ⁵
