2649 3686
832 155 988 205 Koxo
1021 155 1151 206 Eam
1187 153 1451 211 emmo„
2141 161 2236 210 137

1058 329 1204 380 1264.
2309 345 2423 386 1264.

284 421 441 472 [1091]
498 422 674 463 Unum
711 424 825 477 (IV25)
862 441 973 480 papae
1010 426 1138 475 bulla,
1181 440 1258 480 qua
1295 425 1412 467 Erico
1449 426 1587 467 Daniae
1626 426 1708 478 regi
1744 429 1784 466 et
1820 427 1931 465 matri
1962 426 2051 478 ejus
2090 426 2233 478 reginae
2259 427 2291 461 2.
2323 430 2463 463 Januar.

24 493 251 546 Margaretae
287 493 486 545 indulget,
528 497 572 532 ut
602 508 728 547 neque
758 496 1080 550 archiepiscopus
1117 497 1345 537 Lundensis
1385 510 1510 550 neque
1548 497 1764 550 episcopus
1803 495 2106 541 Roskildensis‚
2150 496 2235 547 qui,

24 577 114 605 cum
143 564 321 604 inimicos
351 565 456 614 regis
485 577 532 603 se
562 566 836 616 praestiterant,
866 580 888 605 e
918 581 1035 619 regno
1065 568 1220 621 expulsi
1250 567 1415 614 fuerant,
1445 568 1718 606 auctoritatem
1748 565 1916 606 habeant
1946 566 2010 603 “in
2041 578 2236 618 personas

25 635 456 681 excommunicationis,
500 638 567 673 aut
595 638 721 674 terras
760 640 913 676 vestras
943 638 1132 677 interdicti
1171 639 1392 677 sententias
1420 638 1652 677 auctoritate
1680 637 1836 690 propria
1871 635 2155 691 promulgare''.
2183 656 2238 664 —

26 704 151 759 Apud
173 704 313 744 urbem
344 712 545 752 veterem,
576 702 644 743 IV.
677 719 765 744 non.
793 706 950 746 Januar.
981 708 1120 760 pontis.
1147 721 1248 747 anno
1278 709 1404 747 tertio.

415 774 593 815 Liljegren
622 774 847 818 Diplomatar.
874 780 1016 810 Svecan.
1042 778 1069 810 1.
1094 788 1148 810 no.
1173 777 1252 811 493.
1277 789 1309 822 p.
1334 777 1506 811 416—17.

285 836 432 887 [1092]
491 835 661 876 Uassnm
695 835 813 891 (lVfi)
843 852 954 892 papa:
985 838 1112 885 bulla,
1156 839 1204 879 de
1241 840 1479 891 indulgentia
1507 838 1624 878 Erico
1653 838 1790 878 Dauiae
1819 839 1901 890 regi
1937 842 1976 877 et
2003 837 2115 876 matri
2147 837 2238 889 ejus
2263 845 2297 878 2.
2334 846 2472 878 Januar,

25 906 166 956 regiuae
194 905 426 958 Margaretae
456 906 569 952 data,
613 910 696 953 “ut,
726 921 811 946 cum
842 909 1020 959 generale
1050 909 1109 948 vel
1139 910 1314 962 speciale
1343 914 1451 949 terrae
1483 909 1595 948 fuerit
1624 909 1884 956 interdictum,
1915 909 2030 948 liceat
2061 906 2172 946 vobis
2203 910 2240 945 et

26 976 176 1017 familiae
220 982 360 1016 vestrae
400 977 452 1023 in,
481 976 643 1029 capellis
686 979 832 1017 vestris
867 992 936 1031 per
966 979 1193 1031 capellanos
1221 980 1424 1033 proprios,
1463 980 1601 1033 januis
1638 979 1808 1025 clausis,
1853 979 2069 1018 interdictis
2107 981 2145 1016 et
2174 990 2239 1015 ex·

26 1047 320 1087 communicatis
343 1047 538 1094 exclusis,
568 1060 644 1086 non
674 1047 848 1100 pulsatis
877 1050 1090 1101 campanis,
1121 1051 1334 1089 summissa
1357 1063 1452 1090 voce
1476 1050 1674 1098 (missam)
1691 1049 1819 1089 facere
1843 1048 2029 1089 celebrari
2059 1047 2158 1087 etc.'’
2188 1069 2237 1074 —

26 1116 235 1157 dummodo
266 1118 343 1170 ipsi
374 1131 450 1156 non
482 1130 643 1156 causam
668 1116 842 1156 dederint
864 1118 1080 1166 interdicto,
1110 1120 1169 1159 vel
1195 1134 1269 1158 non
1292 1119 1340 1159 ab
1366 1121 1455 1159 aliis
1480 1133 1596 1172 quam
1619 1119 1918 1172 archiepiscopo
1942 1118 2148 1158 Lundensi
2173 1121 2240 1156 aut

27 1188 214 1241 episcopo
243 1187 523 1233 Roskildensi,
554 1186 717 1227 durante
747 1187 838 1226 odio
867 1202 998 1228 eorum
1028 1190 1064 1228 in
1095 1188 1251 1229 domum
1281 1191 1447 1242 regiam,
1478 1189 1670 1230 interdicti
1701 1189 1853 1229 suerint.
1875 1212 1929 1218 —
1952 1189 2079 1242 Apud
2098 1187 2239 1228 urbem

29 1265 229 1307 veterem,
259 1257 332 1298 lv.
361 1271 449 1296 non.
482 1256 641 1296 Januar.
672 1258 810 1311 pontif.
841 1272 941 1298 anno
971 1260 1098 1298 terti0.

419 1327 597 1369 Liljegren
620 1327 841 1371 Diplomatar.
870 1331 1010 1362 Svecan.
1036 1330 1062 1362 1.
1088 1340 1142 1362 no.
1167 1329 1246 1364 491.
1274 1342 1305 1375 p.
1331 1331 1410 1364 417.

288 1388 447 1438 [1093]
505 1389 670 1430 Unum
719 1404 830 1444 papae
882 1387 999 1444 (lvti)
1042 1391 1266 1431 mandatum
1309 1392 1360 1431 ad
1402 1391 1606 1431 Nicolaum
1648 1392 1878 1444 episcopum
1922 1390 2230 1442 Vffiurgensem,
2263 1392 2296 1425 2.
2328 1393 2472 1426 Jannar.

18 1451 70 1499 ‘nt
109 1459 237 1499 omnia
279 1473 366 1513 quae
410 1464 504 1499 sunt
546 1460 788 1513 episcopalis
827 1461 973 1500 ordinis
1017 1463 1053 1500 in
1099 1462 1271 1501 dioecesi
1319 1461 1525 1501 Lundensi
1568 1476 1750 1502 exercere
1794 1466 1999 1514 procuret,
2051 1461 2236 1513 quamdiu

28 1528 201 1570 Jacobus
229 1529 410 1577 Erlandi‚
455 1530 801 1585 archiepiscopus,
846 1530 993 1571 absens
1031 1536 1152 1571 esset.
1181 1554 1234 1561 -
1263 1532 1390 1585 Apud
1422 1532 1561 1572 urbem
1594 1541 1797 1577 veterem,
1842 1531 1911 1570 lv.
1950 1544 2039 1570 non.
2076 1530 2235 1570 Januar.

29 1599 166 1653 pontif.
195 1614 297 1640 anno
328 1602 454 1640 tertio.

420 1671 598 1713 LilJegrcn
623 1670 849 1714 Diplomatar.
876 1674 1017 1705 Svecan.
1043 1672 1071 1705 1.
1096 1681 1150 1704 no.
1177 1670 1254 1703 495.
1280 1682 1311 1714 p.
1340 1671 1512 1704 417—18.

289 1733 435 1784 [1091]
494 1733 809 1773 Procuratorium
837 1736 922 1786 (per
952 1733 1223 1784 Tmaros-an]
1263 1732 1440 1772 abbatem
1478 1735 1514 1772 in
1547 1731 1644 1772 Cara
1674 1731 1801 1771 insula
1832 1731 1994 1779 editum)
2038 1730 2103 1770 dfii
2133 1730 2232 1770 Lau·
2258 1739 2314 1773 28.
2351 1742 2495 1774 Januar.

29 1803 144 1842 rencii
174 1806 213 1842 et
241 1803 374 1843 fratris
404 1804 560 1850 Boecii,
604 1803 903 1850 monachorum,
946 1804 995 1842 ad
1035 1804 1176 1842 curiam
1206 1803 1426 1842 Romanam
1455 1804 1668 1842 missorum
1697 1804 1798 1842 circa
1827 1802 2128 1854 appellationem
2157 1801 2236 1840 litis

30 1872 128 1913 inter
154 1874 365 1914 claustrum
395 1875 539 1913 dictum
569 1878 609 1913 et
637 1875 869 1926 episcopum
899 1874 1158 1913 Arusiensem
1188 1877 1344 1912 exortae.
1373 1895 1427 1901 —
1455 1872 1505 1912 V.
1535 1872 1686 1913 calend.
1715 1871 1902 1912 Februar.

421 1944 611 1986 Langebek
635 1944 774 1987 Scriptt.
799 1946 845 1977 V.
869 1944 949 1977 282.

289 2005 436 2058 [1095]
493 2005 613 2045 Eruci
653 2005 768 2045 ducis
806 2005 919 2044 Jutiae
959 2006 1075 2045 literae
1103 2005 1366 2057 protectoriae‚
1404 2004 1504 2044 datae
1532 2003 1706 2043 claustro
1744 2004 2097 2043 sanctimonialium
2134 2003 2238 2043 beati
2301 2007 2440 2040 Martio.

32 2073 216 2115 lobannis
252 2076 289 2115 in
330 2076 518 2122 Sleswic,
564 2075 709 2128 quibus
747 2076 862 2115 simul
899 2090 1035 2116 omnes
1073 2076 1185 2114 villici
1217 2079 1255 2114 et
1291 2076 1418 2114 coloni
1453 2074 1633 2127 ejusdem
1670 2075 1894 2114 monasterii
1933 2088 1955 2113 a
1991 2074 2163 2112 servitiis
2199 2076 2238 2111 et

30 2145 318 2193 exactionibus,
342 2147 423 2199 juri
454 2146 566 2185 ducis
595 2146 871 2192 attinentibus,
900 2145 1008 2185 liberi
1038 2145 1297 2190 dimittuntur,
1336 2144 1487 2184 urbium
1517 2144 1770 2183 aedificatione
1800 2148 1837 2184 et
1866 2149 1976 2184 terrae
2006 2143 2236 2183 defensione

31 2221 205 2270 excepta.
233 2238 294 2270 -Λ
317 2215 512 2264 Slesn-ilc,
542 2230 680 2255 mense
710 2215 853 2255 Martii.

420 2286 654 2329 westph-alen
680 2297 828 2319 monum.
853 2285 940 2318 ined.
966 2285 1026 2317 111.
1051 2284 1130 2317 361.

292 2332 449 2398 [1096]
506 2348 685 2394 Eser-zm,
715 2349 891 2401 episcopi
915 2347 1120 2399 Ripensis,
1150 2345 1198 2385 ad
1226 2344 1486 2398 parochianos
1510 2345 1558 2384 de
1574 2344 1694 2384 Daler
1712 2345 1842 2389 literae,
1873 2343 2020 2397 quibus
2044 2342 2236 2397 prohibet,
2264 2350 2314 2382 15.
2345 2350 2471 2384 Martii.

31 2421 106 2457 “ne
134 2417 225 2471 quis
261 2421 400 2470 praeter
438 2420 676 2458 consensum
715 2418 859 2457 domini
897 2416 1050 2456 abbatis
1089 2415 1136 2454 de
1178 2414 1362 2465 Loghum
1407 2415 1455 2453 de
1498 2415 1688 2454 ecclesia”
1732 2414 1852 2454 Daler
1895 2419 1968 2453 “se
2008 2415 2236 2452 intromittat

24 2487 172 2533 'ibidem
207 2489 392 2528 vicarium
436 2488 696 2534 instituendo,
738 2492 806 2528 aut
841 2501 904 2527 res
940 2486 990 2526 ad
1027 2487 1152 2540 ipsam
1196 2486 1377 2524 vicariam
1420 2484 1631 2524 attinentes
1674 2483 1958 2536 disponendo’'.
2000 2506 2052 2512 —
2095 2483 2234 2536 Ripz's,

34 2558 123 2600 idus
150 2558 294 2600 Martii.

419 2628 608 2670 Langebek
632 2627 772 2672 Scriptt.
797 2627 893 2659 vm.
921 2625 996 2658 131.

292 2701 447 2751 [1097]
507 2701 730 2741 Tucnoms
759 2699 937 2753 episcopi
965 2697 1195 2737 Arusiensis
1225 2696 1365 2741 literae,
1408 2694 1551 2748 quibus
1581 2708 1628 2734 ex
1657 2695 1841 2734 mandato
1870 2694 1980 2734 sedis
2008 2695 2234 2748 apostolicae
2262 2695 2293 2729 l·
2329 2696 2469 2739 Aprilis-

32 2772 125 2822 (vid.
166 2786 287 2826 supra
331 2786 392 2811 no.
439 2772 574 2820 1080.)
612 2771 758 2823 Agneti
792 2769 896 2809 Erici
932 2768 1034 2819 regis
1072 2766 1155 2805 filiae
1197 2765 1358 2805 liberam
1395 2765 1571 2817 indulget
1607 2768 1846 2818 potestatem
1878 2766 2156 2805 monasterium
2199 2767 2235 2805 in

35 2841 206 2882 dioecesi
233 2841 493 2882 Roskildensi
523 2839 790 2881 construendi.
819 2861 873 2868 ——-
900 2839 1046 2885 Armi,
1076 2834 1223 2875 calend.
1253 2834 1375 2887 April.

426 2911 661 2954 Pontoppidan
685 2908 824 2942 Annali.
851 2907 932 2941 eccl.
957 2909 1046 2940 Dan.
1070 2907 1098 2938 Ι.
1124 2905 1201 2937 718.

294 2973 440 3025 [1098.]
499 2972 671 3012 Urinam
697 2969 810 3020 (IVti)
833 2983 945 3023 papae
968 2967 1018 3007 ad
1040 2966 1229 3006 Jacobum
1257 2964 1430 3011 Erlandi,
1453 2965 1789 3019 archiepiscopum
1813 2965 2079 3012 Lundensem,
2105 2967 2235 3014 literae,
2262 2974 2294 3007 4.
2330 2973 2470 3018 Aprilis.

35 3041 104 3083 nbi
139 3043 262 3083 multa
290 3043 339 3084 ab
375 3057 423 3083 eo
453 3042 622 3094 maligne
652 3045 691 3081 et
718 3038 902 3094 per'verse
932 3039 1034 3079 facta
1063 3039 1281 3098 enumerat,
1306 3035 1523 3088 jubetque,
1552 3040 1594 3074 ut
1624 3036 1720 3074 infra
1749 3040 1838 3075 octo
1869 3037 1954 3076 dies
1982 3042 2077 3089 post
2105 3052 2236 3092 recep-

34 3113 178 3153 tionem
219 3113 355 3152 harum
398 3113 594 3153 literarum
637 3125 779 3151 munus
823 3123 939 3150 suum
976 3107 1089 3148 cedat
1117 3106 1232 3159 priori
1258 3104 1307 3144 de
1336 3104 1601 3153 Halmstadia‚
1643 3105 1871 3145 Lundensis
1901 3106 2154 3154 dioeceseos,
2197 3112 2235 3148 et

36 3180 230 3235 subpriori
259 3182 419 3222 fratrum
447 3182 754 3222 Praedicatorum
782 3179 1074 3222 Lundensium‚
1109 3175 1158 3214 ad
1189 3174 1263 3213 hoc
1291 3174 1561 3228 accipiendum
1590 3176 1813 3228 specialiter
1842 3176 1991 3216 missis.
2020 3199 2074 3206 —
2112 3178 2238 3230 Apud

37 3249 173 3291 urbem
199 3259 402 3302 veterem,
433 3251 481 3291 11.
512 3266 603 3292 non.
632 3250 801 3303 Aprilis,
830 3249 968 3303 pontif.
999 3261 1097 3288 anno
1126 3245 1251 3286 tertio.

105 3321 233 3358 aegest.
251 3323 328 3352 Dan.
347 3323 371 3352 1.
1928 3319 1976 3359 18
