2649 3686
699 125 854 174 Kosa
890 124 1235 180 Cnmsoeommn
1270 149 1364 181 DEN
1400 132 1610 182 Fonsm.
2166 143 2258 192 125

53 208 2254 237 Ἣ

308 294 437 345 [973.]
497 296 753 339 ΑιιᾱΧΑΝυιιι
788 298 899 349 (lvfi)
931 314 1042 355 papae
1071 303 1313 344 confirmatio
1343 305 1571 358 diplomatis
1598 307 1798 347 Frederici
1829 307 1918 357 ΠΜ,
1961 325 2038 364 quo
2078 316 2258 365 regiones
2331 329 2447 368 1255,

47 366 145 405 ultra
172 364 307 405 Albim
337 370 377 406 et
404 365 605 419 Eydoram
631 370 835 421 jacentes,
881 375 921 410 ct
958 377 1146 424 practerea
1176 389 1262 428 quae
1290 374 1475 414 Kanutus
1504 376 1572 416 Vl.
1603 382 1643 417 et
1670 378 1950 420 Waldcmarus
1978 381 2024 421 ll.
2056 383 2092 420 in
2124 384 2255 424 Slavia
2293 395 2348 430 28,
2374 400 2492 431 Juniis

47 439 355 488 occupaverant,
386 435 524 476 Daniae
554 452 673 491 regno
706 440 925 480 tribuuntur
947 442 996 481 ab
1020 445 1125 483 omni
1153 445 1316 498 imperio
1343 446 1513 486 Romani
1540 448 1791 500 imperatoris
1815 450 2255 506 libcrae.—Anaqnioe,

45 505 129 546 llll.
158 506 309 546 calend.
338 507 457 554 Julii‚
486 508 627 560 pontif.
657 522 759 548 anno
790 509 838 550 11.

238 578 247 583 ”
436 577 608 611 Hvitfcldt
640 580 760 616 Danm.
796 582 902 623 luges
928 583 1035 616 Kron.
1068 595 1101 627 p.
1137 584 1216 618 243.
1275 586 1427 628 Holberg
1451 588 1573 621 Danm.
1603 588 1693 622 nist.
1729 591 1755 623 1.
1791 591 1962 624 3-10—-11.
2022 594 2256 637 Pontoppidan

435 640 562 673 Annal.
589 640 670 674 eccl.
696 643 784 676 Dan.
810 645 836 676 1.
862 644 943 676 679.
993 646 1179 679 Tliorkelin
1204 647 1428 691 Diplomatar.
1454 651 1690 692 Arna-Magn.
1717 652 1744 685 1.
1769 653 1849 685 207.

302 700 432 750 [974.]
489 701 760 743 Wnnnmm
800 705 914 745 ducis
942 707 1058 747 Jutiae
1096 709 1235 757 litcrae,
1280 710 1424 762 quibus
1453 712 1660 751 monachis
1690 713 1787 753 Loci
1816 714 1892 754 Dei
1922 714 2023 755 bona
2063 718 2100 755 in
2131 717 2255 756 Suan-
2295 719 2346 752 15-
2380 722 2475 754 Julii.

41 774 150 824 storp
180 774 220 810 et
242 771 314 824 jus
341 775 574 824 patronatus
604 774 784 814 ecclesiae
813 775 1065 826 Bwtlnvath,
1111 793 1195 831 quae
1226 781 1287 819 eis
1315 785 1428 833 pater
1456 783 1568 834 ejus,
1611 783 1714 822 Abel
1752 799 1839 833 rex,
1884 787 2122 834 contulerat,
2165 802 2254 826 con-

39 842 185 889 lirmat,
215 855 367 894 eosque
397 846 514 882 “cum
544 842 663 883 bonis
693 859 827 884 eorum
858 850 899 886 et
927 847 1113 887 familiis''
1151 850 1226 889 sub
1264 864 1338 890 sua
1374 853 1547 905 suscipit
1583 856 1842 906 protectione.
1885 879 1938 886 ——
1983 857 2253 911 Sfflulerburq

37 912 176 961 Alsie,
205 911 297 952 idus
325 912 434 953 Julii.

388 983 574 1026 Langebek
597 984 736 1028 Scriptt.
761 987 856 1020 Vffl.
886 987 961 1020 113.

297 1045 425 1095 [975]
484 1045 692 1086 hvomnns
719 1050 935 1089 comitissae
966 1050 1014 1089 de
1044 1051 1290 1103 Regenstein
1320 1053 1460 1101 literae,
1506 1055 1651 1108 quibus
1681 1058 1811 1096 varias
1840 1061 2130 1110 possessiones
2159 1076 2249 1101 con·
2281 1056 2310 1089 ¹·
2339 1060 2499 1100 Augusti.

35 1115 140 1156 cedit
167 1116 373 1156 sororibus
403 1116 554 1156 ordinis
585 1114 641 1155 Sti
668 1114 700 1153 F
703 1118 870 1157 rancisci
897 1120 1121 1160 Roskildis.
1154 1143 1202 1149 —
1233 1123 1415 1170 Laudis,
1444 1125 1596 1165 calend.
1626 1127 1814 1179 Augusti.

427 1186 614 1219 Thorkelin
638 1186 859 1229 Diplomatar.
885 1191 1117 1232 Arna-Magn.
1143 1193 1170 1225 1.
1196 1203 1226 1235 p.
1253 1193 1332 1225 208.

293 1248 421 1297 [976]
477 1247 642 1288 Esanm
682 1250 862 1303 episcopi
893 1252 1084 1304 Ripensis
1122 1254 1262 1301 literae,
1306 1254 1450 1306 quibus
1479 1256 1680 1308 prohibet,
1720 1272 1768 1297 ne
1799 1260 1891 1312 quis
1920 1262 2176 1304 “monachos
2197 1265 2246 1306 (le

31 1322 146 1371 portu
182 1323 328 1358 sanctae
368 1318 523 1366 Mariae,
568 1318 719 1358 ordinis
757 1320 1061 1370 Cisterciensis,
1104 1337 1178 1362 seu
1219 1337 1354 1364 eorum
1390 1325 1546 1365 villicos
1589 1331 1629 1366 et
1672 1329 1838 1369 colonos
1882 1344 2003 1383 super
2045 1333 2246 1387 aliquibus

30 1389 296 1429 solutionibus
325 1393 394 1429 aut
422 1389 513 1429 aliis
543 1390 859 1441 gravaminibus,
902 1406 924 1431 a
954 1392 1099 1444 quibus
1128 1394 1193 1432 alii
1225 1393 1517 1434 Cistercienses
1553 1411 1623 1450 per
1658 1399 1888 1451 privilegia,
1932 1402 2019 1440 sive
2054 1417 2244 1456 paparum

29 1461 115 1500 sive
149 1474 283 1513 regum
312 1460 468 1508 Daciae,
519 1463 612 1499 sunt
656 1462 851 1514 exempti,
899 1467 1115 1515 praesumat
1155 1465 1407 1517 aliquatenus
1451 1468 1639 1520 impetere
1682 1483 1757 1509 scu
1799 1472 2080 1524 quoquomodo
2124 1476 2242 1516 mole-

28 1530 173 1570 stare'’.
204 1553 253 1561 -
284 1531 417 1585 Ripis.

418 1600 607 1643 Langebek
633 1600 774 1645 Scriptt.
799 1602 896 1636 VIII.
924 1602 1000 1636 198.

1063 1700 1208 1751 1257.
2315 1729 2431 1769 1257.

285 1796 415 1846 [977]
472 1796 733 1837 Aur-:xamnm
770 1795 885 1846 (lvti)
924 1811 1034 1850 papae
1072 1798 1203 1846 hulla,
1247 1814 1323 1852 qua
1357 1800 1659 1856 archiepiscopo
1695 1802 1900 1845 Lundensi
1943 1807 2128 1860 imperat,
2174 1815 2239 1858 ut,
2263 1811 2297 1844 3·
2322 1814 2467 1847 Januar.

24 1869 182 1922 quoties
211 1882 235 1907 a
260 1867 466 1907 sororibus
493 1868 725 1906 monasterii
752 1865 807 1906 Sti
833 1867 1050 1915 Francisci,
1081 1869 1229 1909 ordinis
1253 1869 1309 1909 Sti
1337 1870 1534 1919 Damiani,
1563 1873 1847 1914 Roskildensis
1869 1878 2086 1929 requisitus
2110 1879 2238 1928 suerit,

21 1939 123 1979 bona
140 1940 327 1992 ipsarum,
357 1952 378 1977 a
395 1937 605 1991 quibusvis
624 1937 797 1985 detenta,
820 1939 973 1977 restitui
991 1940 1052 1977 eis
1068 1939 1197 1978 saciat.
1216 1962 1264 1968 -
1290 1941 1510 1990 Laterani,
1535 1941 1602 1981 lll.
1617 1957 1705 1983 non.
1720 1944 1879 1984 Januar.
1895 1948 2034 1998 pontis.
2051 1963 2152 1988 anno
2169 1950 2236 1990 lll.

414 2007 600 2040 Thorkelin
633 2008 853 2051 Diplomatar.
879 2011 1120 2050 Arna-Magn.
1149 2010 1176 2042 l.
1201 2021 1232 2053 p.
1258 2009 1337 2043 210.

282 2071 412 2120 [978]
469 2071 728 2110 Amxawnm
769 2069 881 2121 (thi)
917 2084 1027 2123 papae
1065 2071 1190 2119 bulla,
1234 2086 1309 2124 qua
1345 2074 1526 2112 ministro
1562 2076 1791 2126 provinciali
1828 2077 1864 2115 in
1890 2077 2015 2117 Dacia
2054 2081 2231 2134 imperat,
2258 2081 2290 2114 4·
2327 2082 2470 2116 huual·-

19 2147 82 2190 nt,
111 2143 271 2196 quoties
300 2141 521 2182 Abbatissa
553 2145 594 2181 et
622 2145 842 2181 conventus
870 2142 1098 2181 monasterii
1122 2141 1404 2181 Roskildensis
1434 2141 1489 2181 Sfi
1516 2143 1743 2193 Francisci,
1781 2147 1931 2186 ordinis
1955 2146 2011 2186 Sti
2035 2149 2232 2198 Damiani,

17 2213 322 2266 postulaverint,
367 2211 471 2251 duos
506 2211 649 2251 fratres
685 2211 853 2251 idoneos
891 2213 1022 2250 mittat
1049 2211 1099 2250 ad
1129 2211 1403 2251 ecelesiastica
1433 2214 1560 2253 officia
1597 2216 1864 2268 exsequenda.
1910 2239 1958 2245 —
2002 2218 2230 2271 Laterani,

18 2282 67 2322 ll.
96 2297 187 2322 non.
216 2282 412 2329 Januarii,
441 2282 581 2334 pontif.
609 2296 710 2321 anno
742 2283 869 2321 tertio.

409 2351 597 2385 Thon-kelin
622 2351 847 2396 Diplomatar.
872 2354 1105 2392 Arna-Magn.
1130 2352 1157 2384 Ι.
1182 2351 1354 2385 210-11.

276 2415 405 2464 [979]
463 2415 715 2454 Annxannm
746 2411 858 2464 (lvti)
888 2427 999 2468 papse⁴
1028 2413 1152 2459 bulla,
1183 2426 1259 2466 qua
1289 2415 1480 2467 episcopo
1509 2414 1769 2455 Roskildensi
1800 2417 1977 2470 imperat,
2007 2424 2049 2459 ut
2073 2420 2226 2474 Ingerdi
2252 2414 2285 2447 5·
2319 2417 2464 2449 38111181·-

15 2486 228 2525 comitissae
258 2485 307 2523 de
336 2485 582 2536 Regenstein
614 2484 839 2523 facultatem
869 2482 1060 2522 concedat
1087 2485 1368 2522 monasterium
1399 2497 1576 2524 sororum
1608 2485 1757 2525 ordinis
1787 2486 1844 2525 Sti
1871 2488 2054 2528 Damiani
2085 2492 2120 2529 in
2158 2490 2226 2530 ho-

15 2568 147 2595 norem
177 2552 235 2594 Sti
262 2554 462 2597 Francisci
491 2555 528 2593 in
559 2555 735 2594 dioecesi
759 2553 1016 2593 Roskildensi
1042 2552 1228 2604 erigendi.
1253 2575 1301 2581 —
1331 2554 1552 2603 Laterani,
1583 2569 1672 2594 non.
1697 2555 1856 2596 Januar.
1879 2559 2016 2610 pontis.
2038 2573 2140 2600 anno
2159 2560 2226 2600 111.

408 2624 595 2657 Thorkelin
621 2624 848 2668 Diplomatar.
875 2624 1109 2663 Arna-Magn.
1136 2623 1162 2655 Ι.
1188 2634 1219 2665 p.
1245 2622 1324 2656 211.

274 2687 403 2737 [980]
460 2687 715 2743 AnnxANnm
747 2683 859 2734 (lvtf)
888 2698 998 2738 papae
1027 2684 1132 2722 bulla
1155 2684 1204 2722 ad
1227 2684 1469 2723 abbatissam
1494 2688 1533 2724 ct
1557 2692 1792 2727 conventum
1817 2692 2043 2730 monasterii
2063 2692 2223 2731 Roskil-
2252 2695 2303 2727 13.
2329 2697 2471 2730 Januar.

13 2755 151 2796 densis
179 2754 238 2796 Sti
264 2757 490 2805 Francisci,
535 2757 684 2796 ordinis
713 2755 770 2795 Sti
803 2755 1002 2801 Damiani,
1046 2758 1090 2793 ut
1125 2754 1241 2792 frater
1269 2754 1477 2806 presbyter
1507 2755 1657 2796 ordinis
1695 2757 1855 2798 fratrum
1893 2761 2089 2801 Minorum
2129 2777 2223 2810 eaS,

13 2838 96 2878 quae
124 2840 269 2866 manus
299 2827 336 2866 in
367 2841 412 2867 se
443 2828 554 2880 ipsas
583 2828 809 2880 injecerint,
836 2839 858 2864 a
885 2837 1013 2878 poena
1043 2825 1459 2864 excommunicationis
1487 2825 1694 2867 absolvere
1723 2830 1866 2880 possit.
1909 2853 1953 2859 -
1992 2833 2221 2882 Laterani,

14 2894 65 2934 id.
93 2895 251 2936 Januar.
280 2897 421 2950 pontif.
451 2911 553 2936 anno
584 2898 713 2936 tertio.

405 2966 596 3000 Thorkelin
619 2966 845 3010 Diplomatar.
870 2966 1106 3005 Arna-Magn.
1131 2965 1158 2997 Ι.
1184 2975 1214 3006 p.
1242 2963 1320 2997 212.

271 3029 401 3079 [981]
457 3029 711 3068 Annxmvnm
744 3025 857 3077 (lvti)
886 3040 996 3079 papoe
1027 3025 1272 3077 indulgentiae
1302 3030 1458 3066 centum
1484 3026 1661 3076 dierum,
1690 3030 1738 3070 iis
1767 3030 1885 3079 datae,
1914 3032 1980 3085 qui
2011 3034 2220 3075 ecclesiam
2247 3041 2300 3075 13.
2333 3044 2477 3076 Januai·.

9 3099 236 3138 monasterii
265 3113 300 3139 s.
330 3099 552 3145 Francisci,
582 3098 733 3137 ordinis
762 3111 796 3136 s.
827 3096 1009 3136 Damiani
1038 3095 1321 3134 Roskildensis
1350 3097 1520 3148 singulis
1548 3100 1661 3138 annis
1698 3102 1941 3142 visitaverint
1977 3103 2041 3143 die
2078 3118 2217 3144 conse-

10 3169 197 3208 crationis
234 3171 275 3207 et
311 3168 453 3208 diebus
491 3168 608 3206 sestis
645 3181 680 3207 s.
718 3167 860 3214 Clarae,
901 3166 940 3206 b.
969 3166 1168 3206 Francisci
1207 3168 1247 3203 et
1282 3164 1322 3204 h.
1358 3165 1534 3206 Antonii.
1577 3190 1627 3197 —
1670 3170 1900 3221 Laterani,
1941 3172 1992 3212 id.
2021 3173 2216 3223 Januarii,

9 3237 148 3288 pontif.
177 3251 278 3278 anno
308 3239 436 3278 tertio.

402 3305 589 3340 Thorkelin
615 3305 842 3350 Diplomatar.
867 3307 1104 3348 Arna-Magn.
1130 3303 1158 3337 1.
1183 3314 1216 3347 p.
1240 3303 1411 3340 212-13.
