2649 3686
863 92 1016 141 Koxo
1051 92 1182 142 Emi<
1217 111 1278 143 Ar
1314 94 1582 144 pommus.
2222 102 2316 152 393

377 257 534 307 [3394]
593 259 795 306 Humum,
838 263 951 302 ducis
986 265 1273 313 slesvicensis,
1327 267 1444 306 litera.¹
1474 267 1522 306 ad
1562 267 1805 307 Ludovicum
1843 267 1892 306 de
1921 267 2140 316 Cattaneis,
2182 271 2321 324 quibus
2394 274 2502 313 1421.

115 341 201 367 eum
244 330 378 380 rogat,
422 331 465 366 ut
508 326 586 366 sibi
626 327 818 380 (Hinrico)
857 334 1092 374 transmittat
1127 339 1281 388 copiam
1317 351 1400 376 susc
1437 339 1473 377 in
1511 338 1646 378 litibus
1683 339 1781 377 inter
1815 337 1938 377 duces
1975 338 2245 380 SIesvicenses
2280 346 2318 381 et
2340 341 2395 374 2⁰-
2420 344 2544 385 Aprilis

116 396 296 444 Ericum,
326 396 458 436 Daciae
487 411 639 449 regem,
671 402 978 440 commissionis.
1014 427 1058 432 —
1095 405 1294 459 Coum-p,
1325 406 1390 446 die
1418 407 1529 447 ,Iovis
1559 408 1745 447 secunda.

510 468 694 507 Langebek
721 469 860 512 Seriptt.
887 472 965 503 vu.
990 473 1137 507 305—6.

378 526 536 577 [3395.]
596 528 800 569 hunone:
834 546 883 570 nu
915 534 1167 574 enum-ns
1197 536 1313 575 litera}
1343 537 1390 575 ad
1422 537 1645 582 IIenricum,
1674 539 1811 578 duceni
1842 538 2148 585 SIesvicensem,
2177 539 2320 592 quibus
2343 547 2398 580 21.
2423 550 2558 591 Αρτῑιῡ»,

115 600 151 637 ei
181 599 410 637 transmittit
438 599 592 651 copiam
622 601 918 640 commissionis
947 617 1029 642 sua:
1059 606 1096 643 in
1127 605 1261 645 litibus
1291 608 1387 646 inter
1415 607 1594 654 Ericum,
1626 609 1755 648 Daciae
1779 594 1928 661 regem,
1957 611 1996 647 et
2024 607 2146 648 duces
2174 609 2317 649 Siesvi-

115 681 269 707 censes.
302 690 350 696 —
381 666 660 720 Flcusborqle,
691 668 752 707 die
780 670 892 709 XXI.
927 673 1088 724 Aprilis.

509 738 695 778 langebek
720 739 857 782 Scriptt.
882 742 962 774 VII.
987 743 1066 775 306.

377 799 534 848 [3396]
593 799 802 847 Humum,
832 801 944 841 ducis
973 803 1259 853 SIesvicensis,
1291 807 1405 845 Iiterae
1436 807 1483 846 ad
1516 807 1756 848 Ludovicum
1787 808 1836 847 de
1864 808 2078 855 Cattaneis‚
2108 810 2169 848 cui
2198 810 2316 860 signi·
2341 815 2395 847 22.
2423 817 2558 857 Aprilis.

116 871 205 909 sicat
240 871 303 910 sui
332 868 588 909 conveniendi
621 870 775 922 copiam
805 871 841 909 ei
871 885 946 910 non
976 872 1078 920 sore,
1115 876 1191 914 nisi
1222 877 1258 914 in
1289 882 1399 914 sexta
1437 877 1531 916 seria
1568 880 1741 930 proxime
1778 883 1950 918 ventura.
1996 899 2044 906 —
2093 878 2318 932 Gottorpe,

116 942 153 978 in
183 940 314 992 vigilia
342 938 516 993 paschae.

509 1005 696 1046 Langebek
725 1005 863 1048 Scriptt.
886 1007 967 1039 vll.
991 1008 1069 1041 307.

376 1066 533 1116 [3397]
590 1066 801 1106 Lunovrcr
834 1081 884 1106 nn
915 1067 1168 1110 Cam-mmm
1198 1072 1315 1111 Iiteroe
1345 1073 1393 1111 ad
1422 1072 1644 1121 Henricum,
1672 1074 1808 1114 ducem
1838 1076 2142 1122 SIesvicensem,
2171 1074 2316 1128 quibus
2339 1080 2393 1113 22.
2422 1082 2560 1123 Aprilis.

114 1151 161 1176 se
189 1138 368 1190 proximo
398 1137 463 1177 die
490 1136 657 1176 Veneris
685 1136 735 1175 ad
765 1151 852 1176 eum
881 1143 1085 1178 venturum
1116 1141 1265 1181 scribit.
1298 1166 1347 1171 —
1378 1143 1654 1196 Fleuo-horfia,
1684 1144 1747 1184 die
1775 1145 1906 1184 XXII.
1935 1146 2099 1199 Aprilis-

505 1208 692 1250 Langebek
716 1207 855 1251 Scriptt.
880 1210 959 1241 vn.
984 1210 1063 1242 307.

375 1267 533 1318 [3398]
590 1269 805 1308 Lonovrcr
838 1283 889 1308 nn
920 1270 1171 1311 eumn-ms
1201 1273 1338 1320 literae,
1383 1274 1526 1327 quibus
1562 1276 1657 1314 citat
1685 1276 1807 1315 duces
1835 1276 2133 1322 Siesvicenses‚
2174 1279 2218 1314 ut
2246 1278 2312 1313 aut
2358 1285 2390 1316 2.
2425 1285 2521 1322 maji.

114 1339 192 1391 ipsi
229 1342 402 1395 aut9per
438 1342 712 1391 procuratores
749 1341 927 1392 proximo
966 1339 1027 1378 die
1063 1354 1164 1380 nono
1193 1346 1232 1381 et
1261 1342 1409 1382 decimo
1440 1345 1587 1384 mensis
1615 1344 1713 1398 Maji
1741 1359 1869 1385 coram
1900 1359 1944 1385 se
1971 1349 2229 1399 compareant.
2257 1368 2309 1374 —

112 1409 365 1462 Fleitsborq,
395 1409 460 1448 die
487 1408 651 1456 Martis,
681 1409 855 1448 secunda
882 1411 1029 1449 mensis
1057 1410 1170 1463 Maji.

505 1479 692 1520 Langebek
717 1479 856 1522 Scriptt.
881 1480 961 1512 VII.
985 1479 1156 1512 309—11.

375 1539 533 1589 [3399]
590 1540 799 1580 Lunovicr
830 1554 881 1580 nn
914 1540 1166 1582 CATTAxms
1197 1543 1314 1583 literae
1344 1544 1485 1582 clausae
1515 1543 1564 1581 ad
1594 1543 1812 1589 Hinricum,
1842 1543 1976 1583 (lucem
2008 1544 2310 1590 Slesviveusnm,

113 1610 258 1664 quibus
286 1624 373 1650 eum
404 1612 608 1650 certiorem
638 1611 749 1657 facit,
794 1623 908 1663 quem
947 1613 1148 1651 terminum
1185 1615 1483 1666 peremptorium
1520 1612 1575 1662 (d.
1614 1612 1683 1651 IX.
1713 1613 1826 1666 Maji)
1863 1615 2178 1666 procuratoribus
2206 1614 2309 1653 Erici

2357 1551 2379 1582 ω

2427 1553 2460 1582 Ξ

2466 1563 2493 1589 (Ξ

112 1682 244 1721 Daciae
274 1683 384 1733 regis
408 1681 590 1719 statuerit
628 1679 678 1718 ad
714 1680 1002 1733 procedendum
1039 1683 1075 1720 in
1113 1696 1254 1729 causa,
1299 1697 1383 1736 quae
1419 1684 1578 1721 vertitur
1613 1683 1709 1721 inter
1742 1682 1898 1722 Ericum
1934 1697 2059 1736 regem
2098 1684 2228 1723 Daciae
2270 1688 2309 1721 et

113 1752 234 1791 duces
264 1752 559 1794 Slesvicenses‚
604 1746 761 1803 ipsique
790 1749 880 1789 duci
917 1752 1120 1790 terminum
1154 1754 1454 1805 peremptorium
1492 1753 1632 1791 statuit
1665 1751 1766 1791 diem
1803 1752 1991 1792 decimum
2028 1755 2177 1792 mensis
2211 1752 2308 1805 Maji

113 1821 164 1860 ad
192 1820 482 1874 procedendum
511 1821 549 1859 in
580 1820 715 1859 eadem
745 1833 880 1859 causa.
911 1843 960 1848 —
993 1821 1268 1874 Flensborqlc,
1298 1821 1361 1861 die
1390 1821 1437 1861 Il.
1467 1821 1579 1874 Maji.

507 1891 692 1932 Langebek
718 1890 856 1933 Seriptt.
881 1890 962 1924 VII.
984 1891 1154 1924 313—1-1.

374 1951 533 2001 [3400]
589 1952 780 1991 Axonam
810 1952 985 2000 Bnoax,
1030 1952 1209 1992 officialis
1244 1953 1434 2005 generalis
1472 1953 1584 1991 curiae
1613 1953 1821 2005 Ripensis,
1863 1958 2167 2006 transsumptum
2195 1953 2311 2005 privi-
2356 1955 2389 1986 6.
2422 1954 2505 1992 Maii

112 2023 204 2076 legii
236 2022 508 2075 Christophori
536 2023 652 2074 regis,
681 2021 777 2071 (dat.
808 2021 947 2075 Ripis.
983 2023 1100 2062 1252.
1128 2022 1235 2061 wll.
1266 2023 1339 2062 caI.
1369 2023 1489 2072 Aug.)
1518 2022 1667 2061 civibus
1690 2023 1934 2075 Ripensihus
1963 2023 2055 2061 dati.
2087 2044 2135 2050 —
2164 2022 2308 2060 Datum

112 2107 213 2132 anno
250 2093 317 2132 dni
356 2092 501 2132 MCCC
537 2091 706 2131 XXIIII.
745 2094 840 2145 (leq.
877 2092 1058 2132 MCCCC
1096 2091 1285 2141 XXIIII.)
1327 2092 1534 2131 indictione
1573 2094 1714 2145 prima,
1758 2094 1906 2132 mensis
1941 2092 2037 2145 Maji
2080 2091 2140 2130 die
2176 2096 2310 2139 sexto,

111 2163 365 2216 pontificatus
392 2162 549 2201 Martini
580 2160 642 2199 Vfi
670 2175 782 2215 papae
810 2175 911 2201 anno
941 2166 1068 2202 sexto.

474 2243 479 2245 ·
503 2232 694 2273 Langebek
719 2231 856 2275 Scriptt.
882 2233 961 2265 VII.
985 2232 1158 2265 326—27.
1205 2231 1346 2275 (indict.
1372 2232 1398 2264 Ι.
1425 2235 1458 2264 et
1482 2241 1590 2264 annus
1610 2231 1729 2274 pontif.
1754 2232 1814 2264 Vl.
1842 2242 1927 2264 anno
1956 2230 2052 2263 1423.
2076 2228 2261 2272 convenit).

374 2292 532 2342 [3401]
589 2294 780 2332 Amanum
809 2292 954 2341 BRoK,
985 2293 1164 2333 officialis
1192 2294 1367 2346 episcopi
1398 2292 1608 2345 Ripensis,
1638 2297 1944 2345 transsumptum
1975 2292 2167 2330 literarum
2192 2303 2309 2342 supra
2355 2292 2389 2324 6-
2423 2292 2517 2331 Maj3.

112 2363 189 2404 sub
218 2378 282 2404 no.
308 2363 401 2403 817.
429 2363 523 2402 927.
558 2363 674 2402 1224.
710 2362 982 2408 1706.,1504.
1020 2362 1138 2401 2028.
1178 2363 1391 2401 allatarum.
1437 2384 1484 2389 —
1528 2362 1577 2402 In
1614 2363 1734 2401 domo
1769 2362 1991 2415 capitulari
2023 2362 2204 2400 eccle-rite
2237 2359 2307 2400 Bi-

108 2436 263 2488 peusis,
292 2447 395 2473 anno
419 2432 485 2471 dfii
506 2432 824 2472 MCCCXXIIII.
855 2433 951 2485 (leq.
984 2430 1358 2481 MCCCCXXIIII.),
1389 2431 1600 2470 indictione
1628 2433 1761 2484 prima,
1792 2431 1939 2471 mensis
1967 2429 2062 2481 Maji
2092 2429 2153 2468 die
2182 2432 2307 2475 sexto,

110 2504 363 2558 pontificatus
391 2501 550 2542 Martini
578 2501 643 2539 Vfi
670 2516 780 2555 papae
809 2516 910 2541 anno
941 2505 1065 2540 sexto.

505 2573 693 2614 Langebek
718 2572 858 2616 Scriptt.
883 2572 962 2604 VII.
986 2570 1157 2603 329—32.

372 2632 531 2683 [3402]
586 2634 778 2672 Axonam
806 2633 949 2679 Bnox,
979 2632 1159 2670 officialis
1188 2632 1362 2684 episcopi
1393 2631 1603 2683 Ripensis,
1634 2633 1938 2682 transsumptum
1968 2627 2162 2667 literarum
2191 2642 2308 2681 supra
2355 2633 2388 2665 G.
2423 2634 2518 2672 ,ua-ji.

111 2703 188 2743 sub
212 2718 275 2742 no.
295 2702 388 2743 612.
410 2702 624 2742 allatarum.
643 2724 692 2730 —
720 2703 838 2755 Ripz's
860 2704 901 2741 z'n
924 2703 1126 2741 cimiterio
1149 2697 1353 2748 ecclesice,
1373 2701 1436 2738 die
1462 2699 1528 2738 Vl.
1552 2699 1663 2752 Maji,
1693 2699 1825 2738 indict.
1850 2697 1879 2737 l.
1905 2697 2060 2737 Martini
2076 2696 2138 2734 vti
2160 2711 2220 2736 an.
2239 2696 2306 2736 w.

504 2773 692 2814 Langebek
717 2771 856 2814 Scriptt.
880 2770 961 2803 v11.
984 2769 1154 2802 3:32-33.

373 2831 532 2882 [3403]
588 2833 784 2879 Hmmci,
815 2832 927 2871 ducis
957 2831 1242 2876 Slesvicensis,
1276 2828 1326 2867 ad
1355 2828 1598 2867 Ludovicum
1630 2827 1677 2866 de
1706 2827 1904 2867 Cattaneis
1932 2827 2122 2880 epistola,
2164 2829 2202 2866 in
2231 2840 2307 2880 qua
2352 2836 2385 2867 8.
2419 2836 2516 2875 MaJi.

112 2901 268 2950 scribit,
293 2915 339 2942 se
365 2905 406 2941 et
433 2902 574 2942 fratres
602 2907 766 2955 postero
795 2901 871 2948 die,
902 2900 965 2940 die
991 2899 1238 2953 peremptorii
1264 2899 1426 2943 termini,
1455 2896 1742 2936 ambaxiatores
1770 2897 1819 2935 ad
1852 2910 1939 2936 eum
1971 2898 2306 2942 transmissurum,

110 2976 272 3025 petenS,
313 2975 359 3012 ut
391 2971 589 3012 modicum
617 2971 762 3017 tardet,
805 2982 1012 3023 quousque
1048 2968 1142 3006 dicti
1179 2967 1467 3006 ambaxiatores
1500 2967 1632 3005 venire
1665 2965 1829 3005 valeant.
1875 2988 1924 2994 —
1971 2966 2171 3020 Gottorp,
2214 2965 2306 3004 seria

111 3041 285 3082 secunda
311 3045 407 3096 post
434 3041 683 3086 dominicam,
716 3052 793 3092 qua
822 3043 1000 3077 cantatur
1027 3036 1325 3076 Misericordias
1354 3022 1511 3073 domini.

503 3110 692 3152 Langebek
716 3109 853 3152 Scriptt.
877 3109 954 3141 Vll.
978 3107 1057 3139 314.

373 3172 532 3222 [3404]
587 3171 797 3210 Lunovrci
828 3182 879 3207 nn
909 3168 1156 3208 Cum-ausis
1184 3165 1234 3205 ad
1263 3165 1473 3213 Hinricum,
1503 3164 1641 3205 ducem
1669 3164 1971 3212 Siesvicensem,
1999 3164 2135 3222 Iiterae,
2165 3164 2306 3218 quibus
2351 3172 2385 3205 9.
2416 3171 2515 3211 Maji.

112 3254 159 3282 se
186 3242 295 3294 quod
322 3242 402 3282 dux
429 3241 568 3282 eodem
597 3241 659 3280 die
686 3253 755 3293 per
783 3238 990 3290 epistolam
1019 3235 1069 3276 ab
1094 3248 1142 3274 eo
1170 3237 1353 3288 petierat,
1383 3239 1425 3273 ut
1455 3235 1544 3288 ejus
1572 3232 1859 3275 ambaxiatores
1887 3238 2150 3288 exspectaret,
2187 3234 2305 3273 sactu-

182 3312 313 3348 negent.
332 3313 409 3342 Dan·
427 3313 450 3343 1.
1998 3306 2049 3347 50
