2649 3686
838 93 993 143 KoNo
1026 94 1157 144 Enii<
1192 112 1254 145 Ap
1288 95 1560 145 PoMMEnx.
2204 100 2298 150 399

357 260 516 310 [3455]
575 261 777 302 Sua-um
819 267 974 305 concilii
1012 268 1260 320 provincialis
1295 268 1538 308 Hasniensis.
1582 291 1630 297 -
1675 267 1858 320 Hasnioe,
1902 267 1993 306 seria
2038 270 2168 320 quinta
2213 277 2302 323 post
2375 275 2485 314 1425.

93 331 238 371 sestum
267 330 306 370 11.
337 331 478 371 Canuti
510 331 613 383 regis
643 336 682 371 et
710 335 907 385 martyris.
2349 341 2397 374 ¹2.
2423 344 2517 376 sulii.

485 400 654 433 nvitfeldt
678 402 801 435 Danm.
827 406 933 446 Riges
958 407 1062 439 Krssn.
1098 408 1149 439 ed.
1174 407 1206 440 in
1232 409 1288 441 410
1314 410 1353 441 Τ.
1378 409 1439 441 lv.
1473 420 1504 452 p.
1536 408 1617 441 375.
1650 407 1702 441 ed.
1736 407 1769 440 in
1796 406 1855 440 t'ol.
1882 417 1914 450 p.
1940 405 2109 439 714—19.
2158 408 2301 443 Pontan.

485 463 567 494 Rer.
594 462 755 495 Danicar.
781 464 876 498 Libr.
902 467 964 498 lX.
990 478 1021 509 p.
1047 469 1218 502 579—81.
1270 470 1501 513 Pontoppidan
1528 469 1664 502 Annali.
1697 469 1778 502 ecel.
1804 471 1890 502 Dan.
1917 469 1960 502 11.
1986 479 2016 512 p.
2048 468 2127 501 540.
2186 471 2300 503 Manui

486 523 652 556 Collectio
679 525 851 559 concilior.
877 529 971 561 Tom.
996 530 1163 562 xxvnl.
1203 530 1392 563 1083—92.
1453 531 1636 572 Langebck
1668 529 1806 574 scripte.
1843 530 1905 564 VI.
1938 530 2109 563 451—58.
2170 534 2301 565 Statum

483 584 681 628 provincial.
707 587 757 619 ed.
784 588 969 622 Thorkelin
997 591 1100 622 narn.
1131 591 1227 624 1778.
1254 592 1318 624 cfr.
1345 592 1453 632 ejusd.
1480 592 1588 624 Sami.
1615 591 1656 624 a?
1678 591 1817 624 Danske
1840 590 2022 624 Kirkelove
2048 602 2078 634 p.
2108 591 2252 626 103—6.

350 645 506 695 [3456]
566 646 769 687 Mun-m
800 647 896 699 (Υῑῐ)
925 665 1035 704 papa:
1066 652 1181 690 literae
1209 653 1257 691 ad
1286 652 1443 692 Ericum
1474 653 1606 691 Daciae
1635 666 1783 704 regem,
1822 652 1968 706 quibus
2004 667 2091 692 eum
2123 653 2297 693 hortatur
2321 659 2376 692 2⁷.
2402 663 2532 703 septbr.

89 717 138 756 ad
168 730 305 770 pacem
334 720 374 756 et
403 716 651 756 concordiam
682 732 770 758 cum
801 719 968 759 ducibus
998 721 1312 762 Slcsvicensibus
1343 722 1564 762 ineundam.
1593 745 1646 751 —
1674 723 1832 770 Romoe,
1875 723 1923 761 V.
1955 723 2106 762 calend.
2136 723 2298 764 Octobr.

88 787 227 841 pontis.
258 800 360 827 anno
389 786 537 826 Vlllvo.

481 856 668 898 Langebek
694 856 831 900 Scriptt.
859 858 939 893 vu.
964 860 1135 894 -151-55.

351 932 506 981 [3452]
564 932 766 973 ΜΑΜῚΝ]
807 933 902 984 (Vfl)
939 948 1050 988 papae
1079 936 1195 976 literae
1234 937 1284 976 ad
1313 937 1436 977 duces
1467 937 1740 977 Slesvicenses
1769 937 2004 984 Henricum,
2043 937 2231 979 Adolsum
2261 944 2299 979 et
2322 941 2379 975 27.
2406 945 2534 986 septbr.

90 1002 327 1050 Gerardum,
371 1002 520 1056 quibus
557 1017 629 1042 eos
659 1003 835 1043 hortatur
863 1004 913 1043 ad
941 1018 1077 1057 pacem
1108 1010 1147 1045 et
1175 1007 1421 1047 concordiam
1458 1022 1545 1047 cum
1575 1007 1690 1047 Erico
1721 1008 1853 1048 Daciae
1883 1021 1970 1060 rege
1999 1008 2220 1048 ineundam.
2250 1031 2301 1038 —

87 1073 248 1122 Romae,
278 1073 328 1111 V.
359 1073 509 1113 calend.
539 1072 703 1113 Octobr.
734 1073 871 1126 pontis.
903 1087 1004 1113 anno
1033 1074 1180 1114 Vlllvo.

481 1144 665 1186 Langcbek
692 1143 830 1186 Scriptt.
855 1143 935 1177 Vll.
960 1144 1039 1177 455.

351 1204 509 1254 [3458]
570 1205 708 1245 Literae
737 1205 937 1245 ΜΑιιτ-ικι
969 1203 1066 1255 (Vfi)
1094 1220 1205 1258 papae
1234 1207 1284 1245 ad
1312 1206 1515 1247 Nicolaum
1546 1208 1882 1262 archiepiscopum
1910 1207 2190 1257 Bremensem,
2233 1214 2294 1257 ut,
2320 1213 2375 1246 27.
2402 1216 2534 1257 septbr.

88 1289 175 1315 cum
204 1274 509 1329 proconsulibus
537 1278 576 1313 et
606 1274 836 1314 consulibus
864 1277 1038 1315 civitatis
1067 1276 1335 1324 Luhecensis,
1364 1278 1664 1317 wismariensis
1692 1283 1730 1318 et
1758 1278 2099 1331 Luneburgensis,
2143 1293 2295 1319 omnem

89 1359 245 1399 operam
289 1344 486 1399 impendat
528 1345 564 1384 in
609 1345 965 1385 reconciliationem
999 1344 1106 1385 Erici
1145 1346 1276 1386 Daciae
1320 1349 1423 1400 regis
1466 1362 1554 1387 cum
1595 1348 1760 1389 ducibus
1795 1348 1994 1388 Holsatiae.
2038 1368 2092 1376 --
2134 1348 2295 1394 Romoe,

90 1416 140 1453 V.
172 1415 323 1456 calend.
355 1415 519 1454 Octobr.
549 1416 690 1469 pontis.
722 1429 822 1454 anno
851 1414 956 1454 Vlll.

484 1486 672 1528 Langebek
706 1485 843 1529 Scriptt.
875 1485 957 1518 vn.
988 1485 1160 1518 452-53.
1219 1484 1307 1529 Epit.
1345 1496 1398 1528 ap.
1429 1486 1665 1530 Raynaldum‚
1704 1487 1837 1520 Contin.
1863 1488 1983 1519 Baron.
2017 1488 2058 1520 ad
2092 1497 2168 1520 ann.
2200 1488 2296 1520 1325.

484 1548 548 1581 XI.
574 1550 670 1581 Tum.
697 1549 759 1581 lx.
785 1558 818 1590 p.
843 1547 900 1579 23.

355 1609 513 1659 [3459.]
571 1609 769 1649 Mam-lm
799 1606 894 1658 (vu)
923 1622 1034 1661 papae
1062 1608 1178 1647 literae
1207 1608 1257 1646 ad
1285 1609 1544 1661 proconsules
1572 1614 1611 1648 et
1639 1610 1822 1649 consules
1851 1611 2020 1648 civitatis
2048 1608 2296 1649 Lubet-ensis
2321 1614 2375 1644 27.
2401 1615 2532 1655 Septhr.

91 1685 131 1719 et
166 1679 469 1719 &Vismariensis
504 1693 551 1718 ac
585 1678 914 1732 Luneburgensis
952 1678 1205 1732 oppidorum,
1250 1678 1298 1717 de
1334 1691 1431 1732 pace
1469 1681 1566 1718 inter
1592 1678 1748 1718 Ericum
1778 1679 1909 1718 Daciae
1944 1693 2071 1731 regem
2107 1685 2145 1719 et
2173 1680 2296 1719 duces

93 1750 372 1789 Slesvicenses
401 1750 686 1803 componenda.
716 1773 765 1778 —
794 1749 955 1797 Romae,
984 1749 1034 1787 V.
1064 1747 1213 1787 calend.
1246 1748 1407 1788 Octobr.
1436 1749 1572 1802 pontis.
1605 1763 1703 1788 anno
1732 1747 1873 1787 Vlllw.

486 1820 674 1862 Langebek
700 1819 843 1863 Scriptt.
867 1818 948 1852 v11.
974 1819 1148 1852 453—54.

356 1879 512 1929 [3460]
570 1881 786 1933 Forening,
831 1880 1014 1932 indgaaet
1047 1879 1092 1918 af
1122 1880 1323 1919 Staederne
1352 1879 1551 1925 Rostock,
1596 1879 1802 1918 Stralsund
1831 1894 1881 1932 og
1910 1879 2162 1926 Greisswald,
2208 1880 2297 1918 med
2320 1879 2354 1913 9·
2381 1879 2516 1913 Octobr-

91 1951 255 2004 Hensyn
292 1951 336 1990 til
373 1951 559 1998 Monten,
602 1952 682 1990 idet
717 1951 766 1989 de
805 1949 984 2002 sorpligte
1022 1952 1084 2002 sig
1123 1950 1166 1988 til
1195 1954 1236 1989 at
1264 1964 1390 2003 praege
1419 1950 1534 1989 dores
1562 1950 1675 1989 Mont
1712 1950 1807 1989 efter
1835 1963 1982 1988 samme
2011 1948 2179 1988 Forhold
2209 1963 2295 1988 som

91 2036 159 2061 var
186 2021 396 2076 gjeldende
425 2022 436 2059 i
465 2021 706 2069 DAmiAnx,
749 2021 881 2072 'Norge
912 2033 962 2072 og
992 2018 1170 2072 Sverrig,
1213 2025 1315 2059 samt
1352 2021 1363 2058 i
1400 2019 1600 2059 Staederne
1634 2019 1792 2058 Lnbeek
1831 2034 1879 2072 og
1917 2020 2104 2065 Wismar,
2149 2033 2199 2058 m.
2242 2033 2293 2058 m.

92 2114 146 2132 -.
175 2092 446 2140 Strdesund,
477 2092 538 2130 St.
570 2091 754 2144 Dionysii
784 2091 886 2142 Dag.
2040 2087 2295 2139 (l’lattydsk).

488 2163 656 2195 Rostock.
681 2161 862 2195 woclnentl.
887 2160 1127 2202 Nachrichten,
1156 2161 1254 2201 1755,
1280 2163 1317 2194 S.
1346 2160 1520 2202 114-15,
1548 2158 1714 2193 117-19.
1763 2159 1948 2200 Ungnadcn
1971 2158 2137 2191 Amoenit.
2158 2158 2294 2200 diplom.

483 2234 516 2267 p.
541 2223 606 2256 601
619 2224 736 2256 —604.

350 2295 507 2344 [3461]
563 2296 708 2336 JOHAN
746 2296 961 2344 SCHELLH,
1003 2294 1187 2342 Vaebner,
1232 2293 1397 2348 kjendes
1433 2295 1547 2346 ingen
1586 2293 1795 2345 Rettighed
1831 2297 1870 2330 at
1906 2291 2003 2330 have
2041 2291 2178 2343 laenger
2214 2291 2289 2329 end
2320 2292 2378 2326 21.
2402 2294 2522 2326 Decbr.

14 2404 17 2406 .
90 2366 164 2404 han
204 2366 307 2405 lever
342 2367 386 2405 til
425 2366 491 2405 det
520 2365 634 2406 Gods
664 2368 674 2406 i
704 2366 808 2406 Hom
838 2367 851 2405 i
879 2367 995 2405 Seem
1027 2366 1157 2417 Sogn,
1201 2378 1288 2403 som
1327 2363 1426 2402 hans
1465 2362 1725 2402 Oldemoders
1755 2362 1895 2400 Soster
1923 2361 1999 2399 Fru
2029 2360 2186 2399 Gunner
2223 2373 2295 2411 gai·

89 2436 133 2474 til
170 2435 299 2489 Lyom
334 2436 520 2484 Kloster,
565 2450 616 2488 og
651 2436 835 2489 sorbyder
865 2436 988 2475 under
1023 2434 1159 2482 Band,
1202 2438 1242 2472 at
1277 2432 1394 2485 Ingen
1432 2434 1531 2471 ester
1567 2432 1666 2471 hans
1701 2431 1789 2470 Dod
1827 2443 1912 2470 maa
1950 2429 2090 2469 hevare
2119 2430 2179 2480 sig
2207 2429 2295 2468 med

90 2519 241 2545 samme
268 2505 382 2545 Gods
411 2506 515 2545 uden
546 2505 757 2546 Abbedens
785 2505 934 2545 Minde.
965 2504 1015 2534 ‘—
1044 2504 1121 2544 Die
1148 2504 1274 2542 sancti
1303 2502 1475 2542 Thomae.

483 2577 669 2618 Langebek
694 2576 832 2619 Scriptt.
852 2575 959 2608 'V111.
983 2574 1062 2606 225.

350 2637 506 2686 [3462]
563 2638 765 2689 Dronning
794 2637 1030 2676 Parmeno
1054 2633 1213 2673 Forbud
1237 2633 1327 2672 mod
1353 2633 1498 2684 ulovlig
1520 2630 1669 2670 Handel
1701 2629 1802 2682 opad
1826 2629 1977 2668 Landet
2001 2642 2050 2680 og
2074 2630 2083 2667 i
2110 2628 2296 2667 Havnene

89 2706 268 2760 omkring
296 2707 466 2760 Bergen.
496 2730 547 2736 —-
585 2707 814 2747 Wadstein.

483 2778 576 2810 Paus
600 2778 737 2811 Norske
759 2774 1016 2816 Forordninger
1040 2777 1075 2806 S.
1100 2772 1271 2805 236-37,

352 2838 508 2887 [3463.]
563 2838 781 2878 ,ῙοΗΑκ-Νιε
811 2837 968 2880 PAvm,
998 2833 1186 2886 capellani
1215 2833 1318 2883 regis
1346 2831 1493 2877 Dnniae,
1523 2831 1653 2870 relatio
1684 2830 1733 2869 de
1755 2827 2058 2882 praedationibus
2083 2829 2295 2880 Anglorum

89 2923 137 2947 ex
174 2908 396 2948 civitatibus
432 2908 636 2955 Eboraco‚
679 2907 771 2946 Hull
807 2910 844 2945 et
881 2905 1013 2950 Lenn,
1057 2904 1094 2941 in
1131 2901 1296 2940 lslandia
1327 2901 1376 2939 ab
1405 2914 1504 2938 anno
1538 2901 1638 2939 1-119
1668 2900 1715 2938 ad
1761 2898 1857 2937 1⁴:25
1887 2898 2065 2950 patratis.
2122 2897 2295 2937 Affixum

88 2982 151 3017 est
186 2979 448 3018 testimonium
486 2978 700 3018 Thorberni
736 2975 925 3015 Herherni
956 2973 1162 3025 justitiarii
1198 2975 1237 3010 et
1274 2970 1455 3009 tredecim
1491 2969 1696 3008 consulum
1725 2968 2003 3020 Bergensium,
2041 2966 2173 3006 datum
2204 2967 2295 3006 seria

90 3048 202 3086 tertia
232 3052 322 3086 ante
351 3047 496 3087 festum
526 3047 737 3086 nativitatis
766 3044 899 3083 Mariae
926 3043 1016 3081 anni
1044 3041 1245 3093 sequentis
1275 3039 1427 3088 (1426.)
1465 3038 1514 3078 de
1554 3040 1712 3078 veritate
1748 3038 1868 3092 hujus
1898 3037 2095 3076 relationis
2126 3037 2295 3076 testibus

90 3117 222 3156 multis
250 3116 431 3170 probata.-

483 3185 584 3220 Finni
608 3185 755 3219 Johann.
781 3181 872 3216 nist.
897 3179 979 3214 ecel.
1003 3179 1064 3213 lsi.
1089 3179 1150 3212 lv.
1179 3177 1371 3212 162—169.
