2649 3686
838 153 992 202 Koxe.
1026 152 1156 201 Eun(
1191 153 1427 204 Mssxvm).
2143 162 2241 211 205

38 320 90 362 ibi
120 317 204 360 XX
234 319 318 359 dies
348 320 525 359 morandi
556 325 594 360 et
624 322 764 362 deinde
794 325 1032 372 revertendi,
1069 327 1133 380 qui
1172 325 1439 367 deliberationi
1471 325 1519 366 de
1548 327 1684 366 litibus
1713 329 1812 367 inter
1841 341 1972 381 regem
2001 332 2039 368 et
2068 329 2247 370 domicel-
2319 334 2432 375 1308.

39 391 118 430 lum
146 389 353 430 Nicolaum
382 390 553 430 adfuturi
584 396 705 431 erant.
737 415 785 421 ——
817 394 986 447 Remis,
1017 396 1079 436 die
1108 396 1291 437 Mercurii
1321 401 1411 437 ante
1439 396 1671 436 dominicam
1700 396 1866 437 Laetare.
2272 401 2328 434 20·
2352 405 2480 437 Martii.

433 460 620 494 Thorkelin
646 463 810 496 Analecta
836 475 866 507 p.
891 465 1040 499 97—98.
1100 467 1274 509 Liljegren
1300 467 1524 510 Diplomatar.
1556 470 1697 500 Svecan.
1734 468 1778 499 11.
1810 477 1864 499 no.
1894 468 1991 500 1573.
2018 479 2047 511 p.
2079 468 2250 502 519-20.

297 521 455 571 [1685]
513 522 701 563 Burnum
734 526 933 565 Sveonum
964 531 1070 579 regis
1107 533 1298 568 tractatus
1336 529 1385 568 de
1422 535 1520 583 pac‘e
1556 532 1594 568 et
1631 529 1798 568 amicitia
1833 542 1918 568 cum
1949 529 2130 568 fratribus
2159 532 2248 570 suis
2272 543 2328 577 20,
2359 544 2483 578 Martii.

36 592 153 634 Erico
181 595 221 631 et
249 590 519 638 waldemaro,
560 595 622 632 cui
653 595 749 634 inter
779 596 877 635 alias
906 597 1075 637 conditio
1105 600 1227 645 inest,
1256 599 1362 652 quod
1391 613 1457 639 rex
1488 600 1831 652 repromissionem
1862 612 1996 650 regum
2026 599 2178 639 DAcm«)
2210 605 2249 640 et

37 662 242 714 Norvegiae
273 661 466 701 Gen-hardi
497 666 537 702 et
568 664 711 703 Alweri
741 667 927 706 comitum
957 667 1146 708 Holsatiae
1175 672 1214 708 et
1243 669 1521 721 Scogwiborg,
1566 683 1638 709 nec
1675 683 1748 708 non
1778 669 1935 708 Henrici
1971 669 2248 723 Magnopolen-

37 734 118 780 sis,
147 731 195 772 de
225 732 500 772 observatione
531 737 741 780 tractatus,
786 750 855 789 per
885 742 1113 778 “curatores
1142 742 1181 778 et
1210 739 1507 792 procuratores”
1547 739 1753 793 adquirere
1782 738 1936 779 debeat.
1973 760 2027 767 —
2066 733 2248 790 O'rabro,

37 804 73 843 in
103 803 272 843 crastino
306 803 614 843 annuntiationis
643 804 791 844 Mariae.

426 874 590 916 Hadorph
627 876 784 908 Svenske
818 875 1089 922 Rimkrfinikor,
1133 878 1274 922 append.
1310 889 1342 922 p.
1379 877 1480 911 2-6.
1548 878 1725 922 Liljegren
1767 880 1990 924 Diplomatar.
2025 883 2168 914 Svecan.
2204 882 2248 914 ΙΙ.

429 945 485 968 no.
513 935 612 969 1577.
640 947 670 979 p.
695 937 867 969 523—25.
2141 940 2145 946 '

296 996 454 1045 [1686]
513 997 677 1045 Literae,
721 997 866 1051 quibus
905 998 1063 1039 Eamus
1107 1015 1173 1040 rex
1216 1000 1402 1041 fratribus
1444 1006 1662 1042 conventus
1700 1017 1733 1042 s.-
1771 1003 1933 1044 Thomae
1969 1004 2017 1043 de
2053 1004 2248 1044 Paraclito
2300 1013 2327 1046 1.
2361 1014 2459 1055 MaJi.

36 1065 236 1113 coneedit,
279 1070 323 1105 ut
352 1067 389 1106 in
421 1066 607 1107 theloneo
637 1082 829 1121 equorum
860 1073 898 1108 et
928 1070 965 1108 in
995 1071 1082 1110 aliis
1111 1075 1234 1110 totum
1259 1073 1331 1124 jus
1360 1073 1508 1122 regium
1545 1073 1582 1111 in
1614 1073 1819 1120 nundinis,
1863 1088 1948 1127 quae
1977 1078 2066 1114 ante
2095 1079 2248 1127 portam

38 1138 262 1177 monasterii
292 1136 507 1186 habentur,
539 1138 586 1176 ad
619 1138 707 1178 dies
738 1139 842 1190 regis
872 1128 1117 1192 possideant.
1146 1165 1199 1171 -—
1228 1141 1529 1195 Knarderopp,
1567 1142 1630 1183 die
1658 1143 1695 1182 b.
1726 1143 1937 1196 Valburgis
1966 1145 2141 1197 virginis.

428 1209 614 1250 Langebek
640 1209 781 1252 Scriptt.
809 1211 872 1242 Vl.
902 1210 977 1242 167.

296 1269 453 1318 [1682]
512 1270 674 1310 Erucus
705 1285 771 1309 rex
803 1270 982 1311 abbatem
1013 1275 1051 1310 et
1079 1276 1312 1312 conventum
1346 1274 1382 1312 in
1412 1273 1557 1312 Esrom
1593 1288 1759 1314 unacum
1790 1274 1972 1314 omnibus
2012 1275 2127 1314 honis
2156 1277 2243 1315 suis
2269 1292 2298 1315 c.
2323 1281 2379 1315 24.
2400 1282 2506 1315 Junii.

35 1342 74 1378 et
115 1338 260 1379 familia
303 1340 351 1379 iis
394 1342 582 1380 attinente
620 1341 697 1380 sub
736 1355 806 1381 sua
844 1355 941 1394 pace
979 1346 1018 1381 et
1053 1344 1294 1395 protectione
1333 1344 1502 1397 suscipit
1540 1345 1763 1397 specialiter
1800 1345 2082 1385 defendeudoe.
2153 1345 2249 1384 Vult

35 1409 244 1462 “insuper,
288 1414 333 1450 ut
370 1412 595 1464 quicunque
634 1416 768 1451 contra
798 1426 870 1451 eos
899 1412 1046 1465 aliquid
1078 1414 1311 1465 quaestionis
1339 1427 1416 1452 seu·
1443 1415 1691 1466 queiirnoniae
1722 1413 1921 1461 habuerit,
1965 1419 2098 1454 contra
2134 1416 2247 1468 ipsos

35 1493 165 1520 coram
207 1479 324 1520 nobis
368 1485 486 1534 agant
522 1482 583 1520 vel
623 1496 753 1521 coram
789 1496 854 1528 ee,
901 1473 1018 1534 quem
1048 1482 1096 1521 ad
1126 1481 1201 1521 hoc
1236 1484 1557 1524 constituerimus
1585 1485 1670 1524 vice
1709 1485 1880 1525 nostra'’.
1918 1508 1971 1514 --
2014 1484 2245 1533 Roslie'ldis,

35 1550 136 1590 circa
165 1550 406 1590 nativitatem
435 1551 539 1591 beati
567 1552 763 1592 Johannis
793 1551 987 1604 baptistae.

427 1623 616 1664 Langebek
641 1622 779 1666 Scriptt.
804 1623 866 1656 IX.
961 1645 970 1654 .
1018 1622 1100 1655 Cod.
1124 1622 1259 1655 Esrom.
1284 1623 1463 1657 f01-1.111.

296 1683 442 1735 [1688]
499 1683 628 1724 Enlcl
669 1686 774 1737 regis
818 1684 958 1731 literae,
1001 1683 1148 1736 quibus
1190 1683 1375 1724 abbatem
1418 1688 1457 1723 et
1499 1689 1732 1725 conventum
1776 1686 1824 1726 de
1859 1687 2002 1727 Esrom
2041 1692 2079 1728 et
2117 1690 2244 1729 omnia
2270 1694 2502 1729 c.29.Junii.

33 1751 135 1794 bona
165 1767 298 1794 eorum
328 1755 364 1793 in
395 1768 508 1794 suam
547 1756 716 1809 suscipit
743 1755 1044 1808 protectionem,
1087 1753 1189 1793 bona
1226 1767 1360 1793 eorum
1397 1754 1445 1793 ab
1483 1755 1664 1795 omnibus
1699 1756 1963 1797 solutionibus
1998 1762 2036 1798 et
2073 1761 2244 1799 servitiis

28 1825 132 1878 juris
172 1825 267 1877 regii
310 1824 468 1872 liberat,
512 1826 650 1878 eisque
691 1829 877 1878 practerea
920 1824 1081 1876 gratiam
1124 1824 1334 1877 specialem
1378 1825 1576 1872 concedit,
1619 1830 1662 1866 ut
1704 1826 1823 1866 villici
1865 1831 1905 1866 et
1943 1828 2071 1867 coloni
2109 1843 2244 1869 eorum

34 1893 83 1933 de
112 1894 348 1934 excessibus
378 1896 466 1935 suis
497 1895 679 1935 omnibus
708 1910 779 1949 pro
810 1896 913 1934 omni
937 1895 1027 1948 jure
1056 1895 1185 1946 regio,
1227 1897 1304 1933 tam
1335 1892 1413 1933 XL
1443 1908 1658 1935 marcarum
1695 1910 1809 1949 quam
1847 1896 2070 1937 inferiorum
2094 1900 2243 1952 jurium

35 1965 251 2015 regiorum,
283 1966 374 2005 nulli
406 1965 454 2005 de
484 1970 614 2006 cetero
645 1966 888 2019 respondere
917 1964 1104 2010 debeant,
1135 1964 1210 2002 nisi
1240 1963 1395 2002 domino
1425 1963 1558 2004 abbati
1588 1970 1655 2005 aut
1684 1966 1891 2006 monacbis
1920 1969 2240 2020 supradictis.—

34 2033 318 2089 Kirltoetltorp,
347 2036 448 2076 circa
479 2036 624 2075 festum
653 2035 800 2076 beator.
831 2034 1045 2088 apostolor.
1075 2033 1181 2073 Petri
1211 2037 1250 2072 et
1278 2032 1404 2072 Pauii.

425 2107 610 2149 Langebek
635 2106 774 2150 Scriptt.
799 2107 861 2139 IX.
956 2129 965 2139 .
1014 2104 1097 2138 Cod.
1121 2105 1255 2137 Esrom.
1281 2102 1342 2136 fol.
1367 2101 1480 2136 Llllb.

295 2168 452 2217 [1689]
511 2168 760 2208 Cnnmfflwris
803 2164 899 2218 (vti)
942 2180 1053 2220 papae
1095 2165 1145 2205 ad
1186 2179 1317 2217 regem
1360 2164 1494 2204 Daciae
1542 2167 1712 2219 epistola
1763 2169 1977 2220 (encyclica
2017 2170 2068 2209 ad
2103 2183 2240 2210 omnes
2267 2174 2500 2219 12.Augusti.

32 2248 148 2288 reges
174 2235 383 2291 Europae),
426 2252 503 2291 qua
533 2253 621 2278 eum
652 2239 809 2284 invitat,
839 2240 882 2276 ut
910 2236 1070 2275 concilio
1100 2238 1192 2288 post
1219 2234 1416 2274 biennium
1440 2234 1601 2275 Viennae
1635 2236 1868 2277 celebrando
1900 2240 1961 2278 vel
1983 2240 2241 2292 personaliter

34 2305 93 2346 vel
120 2320 191 2360 per
219 2307 373 2360 legatos
403 2309 601 2348 interesse
630 2309 738 2347 velit.
768 2330 819 2337 —
855 2307 1067 2354 Pictavis,
1111 2305 1158 2344 ll.
1197 2304 1287 2343 idus
1316 2305 1514 2356 Augusti,
1544 2308 1795 2358 pontificatus
1824 2322 1925 2347 anno
1954 2308 2022 2348 Ill.

424 2378 540 2411 Mansi
566 2378 722 2412 collectio
748 2377 882 2411 concill.
908 2379 1003 2409 Tom.
1027 2377 1142 2408 XXV.
1167 2374 1338 2407 369—75.
1398 2374 1470 2406 Cfr.
1497 2375 1601 2407 Suhm
1625 2376 1716 2410 nist.
1741 2378 1782 2409 af
1806 2379 1951 2411 Danmk.
1982 2380 2046 2411 XI.
2078 2379 2157 2412 563.
2185 2379 2239 2412 ubi

423 2441 496 2474 haec
522 2441 667 2484 epistola
690 2441 733 2473 ad
757 2451 834 2472 ann.
863 2439 960 2471 1307.
986 2438 1146 2470 refertur.
1205 2436 1289 2468 Cum
1322 2437 1434 2467 autem
1467 2435 1625 2469 Clemens
1658 2439 1702 2470 V.
1739 2449 1826 2482 papa
1862 2440 1990 2472 initium
2022 2441 2236 2483 pontificatus

425 2503 479 2536 sui
505 2514 526 2536 a
551 2504 604 2536 die
628 2500 861 2536 coronationis
890 2502 1057 2543 computet.
1087 2497 1174 2541 (vid.
1198 2496 1296 2529 L'art
1319 2497 1359 2529 de
1383 2496 1518 2530 verifier
1541 2497 1592 2531 les
1617 2499 1714 2532 dates
1748 2502 1842 2534 Tom.
1877 2502 1905 2533 I.
1938 2513 1969 2545 p.
2003 2501 2122 2545 4130,
2159 2512 2240 2534 vere

424 2565 469 2597 ad
494 2576 572 2598 ann.
601 2565 698 2597 1308.
724 2563 882 2607 pertinet.
931 2562 1005 2595 Cfr.
1031 2560 1158 2601 Suhm,
1184 2558 1208 2591 1.
1233 2568 1262 2591 c.
1288 2568 1320 2601 p.
1345 2557 1425 2591 571.

291 2633 439 2685 [1690]
499 2632 739 2674 Cnn‘ntmwris
783 2631 879 2682 (Vfi)
920 2644 1033 2684 papae
1068 2629 1117 2669 ad
1155 2627 1496 2680 archiepiscopum
1530 2627 1840 2669 Lundunensem
1876 2628 1928 2684 (az
1964 2627 2237 2685 Lundensem)
2266 2633 2318 2667 12.
2339 2636 2498 2678 Augusti.

32 2705 70 2741 et
91 2703 302 2757 episcopos
332 2703 605 2756 suffraganeos
628 2704 797 2757 epistola
817 2702 1028 2754 encyclica,
1058 2701 1093 2738 in
1119 2712 1195 2751 qua
1218 2699 1349 2751 ipsum
1374 2697 1713 2752 archiepiscopum
1739 2704 1778 2739 et
1800 2701 2011 2754 episcopos
2035 2701 2238 2740 Ottonien-

33 2785 116 2812 sem
144 2776 184 2813 et
212 2773 519 2814 Roskildensem
549 2774 756 2814 concilium
787 2772 1011 2812 Viennense
1041 2769 1287 2820 frequentare
1309 2765 1446 2820 jubet,
1475 2770 1679 2821 proposito
1710 2771 1873 2810 termino
1903 2771 1974 2811 cal,
1999 2770 2089 2811 Oct,
2124 2770 2239 2810 1310,

34 2863 81 2872 -
110 2842 320 2891 Pictavis‚
352 2843 400 2884 ll.
432 2845 482 2884 id.
515 2845 710 2895 Augusti,
740 2843 878 2897 pontif.
909 2854 1009 2881 anno
1038 2837 1103 2878 Ill.

421 2914 536 2948 Mansi
562 2914 718 2948 collectio
744 2912 963 2947 conciliorum
989 2912 1083 2942 Tom.
1107 2908 1223 2941 XXV.
1247 2906 1420 2940 376—81.

291 2984 448 3034 [169Ι.]
504 2984 630 3024 Eruci
668 2984 870 3023 Danorum
916 2982 1020 3032 regis
1060 2976 1325 3031 privilegium,
1370 2976 1538 3017 Henrico
1580 2977 1794 3019 Bernewin—
1831 2980 1905 3018 civi
1947 2979 2236 3022 Rozstoccensi
2265 2985 2496 3030 14.Augusti.

31 3039 69 3090 et
95 3049 317 3094 haeredihus
347 3054 498 3102 datum,
543 3058 690 3094 “totam
719 3055 957 3108 piscaturam
987 3051 1157 3089 nostram
1187 3047 1283 3085 intra
1314 3046 1489 3087 Rozstoc
1523 3051 1563 3088 et
1597 3049 1740 3102 Sywan
1780 3064 1868 3090 cum
1907 3051 2048 3090 insulis
2085 3055 2123 3090 et
2151 3065 2236 3104 gra-

4 3122 220 3170 .minibus,
263 3128 303 3163 et
336 3128 491 3179 pratum
525 3129 704 3165 nostrum
735 3125 849 3177 juxta
877 3119 1029 3161 Radele
1065 3118 1224 3164 situm”,
1268 3120 1316 3159 iis
1344 3119 1536 3159 tribuens.
1579 3141 1629 3149 —·
1676 3118 1881 3170 Seborclc,
1925 3121 2054 3173 vigilia
2084 3135 2235 3161 assum-

30 3190 148 3232 tionis
175 3192 323 3234 Matiae.

422 3265 587 3300 Rostock.
612 3263 788 3298 wiichentl.
814 3261 1062 3303 Nachrichten,
1092 3260 1189 3294 1753.
1215 3271 1247 3304 p.
1274 3258 1423 3293 49—60.
