2649 3686
973 147 1128 196 Koxo
1161 146 1322 196 ΑΒΕΙ..
2163 155 2258 204 117

304 314 434 364 [898.]
492 315 653 356 Annus
683 316 882 359 Danorum
914 321 1019 372 regis
1048 321 1190 369 literae,
1226 321 1276 362 (le
1312 320 1624 361 immunitatibus
1663 322 1820 362 villanis
1850 323 1899 364 de
1928 323 2006 364 We
2035 329 2254 369 con‘cessis.
2327 331 2441 371 1250.

43 407 91 415 —
121 383 355 431 Rosckild„
385 385 538 424 calend.
567 385 780 427 Novembr.
809 388 919 428 XVI.
2282 399 2332 433 17.
2369 401 2482 438 octbr.

435 455 543 489 Suhm
568 455 658 489 nist.
685 458 726 490 at*
746 460 895 493 Danmk.
921 461 965 493 X.
990 460 1091 494 961*
1119 461 1299 505 Liljegren
1322 461 1545 506 Diplomatar.
1571 464 1710 496 Svecan.
1735 463 1762 496 1.
1789 474 1843 497 no.
1868 466 1947 498 845.
1974 476 2004 508 p.
2029 465 2109 502 698.

301 516 430 567 [899]
489 518 653 558 Ani-tus
683 521 789 572 regis
819 521 938 561 literae
967 525 1228 576 protectoriae‚
1258 524 1358 564 ‹latae
1388 526 1629 564 monasterio
1658 524 1906 565 Esromcnsi.
1925 549 1973 555 —
2001 527 2246 583 Sio'bnruqle,
2290 536 2323 567 8.
2349 539 2469 571 Novbr.

43 587 132 628 idus
159 586 399 628 Novembris
428 592 567 634 sexto,
598 602 700 628 anno
730 605 850 643 regno
882 592 910 631 1.

435 657 624 691 Thou-kefin
650 659 740 703 Dipl.
765 663 999 706 Arna-Magn.
1026 665 1052 697 Ι.
1082 665 1157 698 184.
1205 664 1395 707 Langebek
1420 663 1557 707 Scriptt.
1580 665 1642 698 lx.
1691 689 1700 699 .
1734 666 1817 700 Cod.
1844 667 1978 700 Esrom.
2004 668 2064 701 fol.
2090 671 2257 705 XLVIII.

302 719 432 770 [900.]
489 720 633 760 Literae
662 722 817 763 Ananis
848 727 974 776 regis,
1018 726 1164 778 quibus
1194 726 1380 774 colonos,
1423 728 1712 779 possessiones
1742 732 1782 768 et
1820 731 1950 768 omnia
1988 730 2091 770 bona
2120 746 2252 772 mona-
2295 745 2328 777 8,
2355 748 2477 780 Novbr.

40 792 153 831 sterii
181 790 443 830 Esromensis
472 804 495 830 a
526 793 751 843 gravamine
780 795 1070 847 expeditionis,
1112 796 1235 844 lunae,
1278 797 1420 844 stuud,
1463 796 1742 846 aedilicatione,
1786 802 2035 852 reparatione
2065 807 2105 841 et
2133 806 2256 843 muni-

40 863 148 902 tione
190 863 394 901 civitatum
438 865 479 900 et
514 865 755 910 castrorum,
798 869 838 903 et
880 865 929 904 ab
973 867 1076 905 omni
1114 869 1319 907 exactione
1356 867 1477 921 regali
1514 871 1555 907 et
1591 882 1708 908 onere
1739 870 1846 922 juris
1883 872 1979 924 regii
2018 872 2170 913 liberat.
2200 897 2253 904 —

42 931 295 986 Siobumqlz,
326 931 418 972 idus
447 930 687 972 Novembris
717 939 852 982 sexto,
882 950 983 975 anno
1013 939 1121 989 regni
1152 937 1180 976 Ι.

438 1001 629 1034 Thorkelin
654 1002 879 1046 Diplomatar.
905 1008 1148 1049 'Arna-Magn.
1180 1009 1208 1041 1.
1245 1007 1321 1041 185.
1378 1009 1567 1052 Langebek
1591 1009 1730 1054 Scriptt.
1755 1011 1819 1044 IX.
1878 1035 1888 1044 .
1926 1012 2008 1048 Cod.
2035 1014 2170 1048 Esrom.
2192 1016 2253 1049 fol.
2493 1012 2519 1029 “

441 1064 808 1099 XLVllb—XLVHI.

299 1125 430 1176 [901.]
486 1126 647 1166 Annus
677 1129 783 1180 regis
812 1129 1039 1182 privilegia,
1069 1130 1159 1170 data
1189 1131 1559 1172 sanctimonialibus
1581 1132 2001 1174 Roskildensibus.—
2025 1136 2249 1190 Roslcc'ldc‘s,
2287 1142 2319 1176 9.
2345 1145 2471 1178 Novbr.

38 1195 87 1234 V.
116 1195 169 1235 id.
197 1195 411 1236 Novembr.
1158 1196 1177 1238 ‚⁶

431 1267 620 1301 Tliorkelin
645 1268 873 1312 Diplomatar.
898 1271 1135 1312 Arna-Magn.
1162 1271 1188 1305 I.
1214 1281 1247 1314 p.
1275 1271 1351 1304 186.

300 1329 430 1378 [902]
487 1330 649 1370 Annus
673 1331 875 1370 Danorum
900 1330 1184 1386 Slavorumque
1214 1335 1318 1386 regis
1348 1337 1388 1373 et
1416 1333 1530 1374 ducis
1557 1334 1674 1374 Jutiae
1699 1336 1958 1389 privilegium,
1980 1338 2248 1394 Hamburgen-
2276 1341 2329 1375 11-
2362 1344 2486 1377 Novbr-

39 1398 153 1438 sibus
182 1398 331 1446 datum,
360 1404 417 1447 ut,
446 1401 483 1439 si
506 1400 611 1454 apud
636 1415 891 1454 quascunque
920 1403 1028 1454 regni
1056 1407 1191 1455 partes
1220 1404 1463 1456 naufragium
1492 1409 1731 1457 paterentur,
1761 1409 1853 1446 “res
1882 1422 2002 1455 suas,
2032 1424 2132 1463 quas
2161 1415 2249 1453 suis

38 1469 239 1510 laboribus
269 1474 311 1510 et
337 1472 529 1524 expensis
559 1471 762 1524 naufragio
793 1473 944 1524 eripere
972 1477 1174 1524 poterunt,
1218 1473 1352 1514 salvas
1381 1478 1422 1513 et
1450 1476 1711 1516 inconcussas
1740 1475 1931 1525 habeant,
1975 1483 2016 1518 et
2050 1480 2195 1523 liberas
2225 1497 2248 1524 a

37 1540 251 1596 cujuslibet
280 1542 564 1594 impetitione”.
596 1563 646 1570 -
675 1541 910 1590 Roslce'ldis,
941 1540 1007 1580 III.
1038 1542 1089 1581 id.
1118 1542 1329 1582 Novenibr.

429 1611 590 1645 Lambec.
617 1611 714 1654 Orig.
741 1612 861 1645 Hamb.
889 1611 984 1645 Libr.
1009 1613 1053 1646 11.
1079 1623 1110 1655 p.
1140 1612 1308 1646 115—16.
1333 1623 1386 1657 ap.
1411 1613 1593 1649 Lindenbr.
1626 1628 1657 1660 p.
1681 1617 1738 1649 37.
1795 1618 1912 1661 Lunig
1935 1620 2094 1655 Teutseh.
2118 1623 2246 1658 Reichs

429 1674 535 1707 Arch.
555 1674 638 1707 Vol.
658 1675 754 1708 XIII.
774 1676 812 1708 P.
835 1676 933 1717 Spec.
955 1675 1015 1707 IX.
1031 1675 1092 1707 lv.
1109 1675 1242 1708 Contin.
1260 1675 1288 1708 l.
1304 1676 1366 1709 Th.
1380 1687 1411 1719 p.
1430 1676 1602 1709 923—2-1.
1651 1678 1827 1711 Schuback
1841 1680 1969 1720 dejure
1982 1682 2107 1717 littoris
2122 1697 2152 1728 p.
2167 1686 2246 1720 270.

296 1735 427 1786 [903]
484 1736 648 1782 Literae,
699 1735 843 1789 quibus
887 1735 1044 1775 Toum
1071 1736 1260 1776 Nintsisn
1305 1737 1354 1777 de
1391 1738 1598 1790 Syerslaeff
1635 1744 1769 1779 notum
1808 1743 1992 1782 omnihus
2035 1745 2148 1794 facit,
2197 1762 2243 1789 se
2272 1748 2323 1781 ll·
2356 1750 2481 1784 Novbr-

39 1807 168 1846 omnia
209 1804 313 1845 bona
355 1820 428 1846 sua
471 1808 510 1846 in
541 1806 750 1859 Syerslaeff
789 1810 899 1846 ostra
940 1808 1017 1846 sita
1059 1808 1262 1847 canonicis
1297 1822 1332 1847 s.
1370 1808 1558 1849 willelmi
1595 1810 1634 1849 in
1670 1809 1886 1852 Ebhleholt
1922 1817 2161 1857 scotavisse.
2193 1841 2242 1848 —-

37 1875 271 1926 Roslce'ldis,
302 1876 367 1917 die
395 1877 434 1917 b.
462 1877 625 1917 Martini
655 1878 850 1930 episcopi.

432 1947 621 1989 Langebek
645 1947 785 1990 Scriptt.
810 1948 872 1980 VI.
901 1946 976 1979 158.

297 2009 427 2059 [904]
484 2011 642 2050 ABssms
671 2009 871 2049 Danorum
902 2009 1185 2063 Slavorumque
1221 2010 1327 2061 regis
1363 2014 1404 2049 et
1441 2010 1554 2050 ducis
1581 2011 1698 2051 Jutiae
1736 2011 1931 2064 diploma,
1975 2030 2051 2068 quo
2088 2018 2242 2059 civibus
2270 2014 2322 2049 15·
2356 2017 2477 2050 '5⁰be-

37 2078 341 2119 Lubecensibus
377 2080 455 2119 “ad
485 2093 740 2134 quascunque
769 2082 905 2131 partes
934 2080 1041 2131 regni
1071 2093 1158 2118 cuni
1187 2081 1454 2120 mercimoniis
1484 2085 1524 2120 et
1551 2080 1668 2120 honis
1691 2084 1806 2121 suis”
1837 2086 2015 2125 veniendi
2046 2091 2244 2129 securitas

38 2150 284 2197 conceditur,
327 2150 464 2189 addito
493 2150 679 2189 mandato
717 2149 768 2188 ad
798 2148 1002 2195 subditos,
1039 2153 1083 2187 ut
1123 2163 1195 2188 eos
1225 2154 1407 2203 tanquam
1445 2152 1597 2191 amicos
1633 2153 1672 2190 in
1708 2155 1879 2205 negotiis
1913 2164 2168 2208 promoveant
2203 2164 2243 2200 et

37 2224 287 2274 pertractent,
315 2243 367 2250 —
407 2220 751 2273 Warthinburqh,
781 2218 932 2258 calend.
960 2219 1169 2258 Decemhr.
1199 2218 1328 2258 Xvn.

427 2292 560 2335 Dreyer
590 2290 729 2334 specim.
756 2290 797 2322 de
820 2290 935 2321 naufr.
960 2299 991 2331 p.
1016 2289 1146 2321 LXVI.

297 2352 427 2402 [905]
473 2352 747 2416 ‘Iunonum-11
790 2349 907 2401 (lVfi)
949 2350 1075 2398 hulla,
1117 2350 1419 2404 archiepiscopo
1456 2352 1660 2392 Lundensi
1703 2355 1849 2402 missa,
1900 2370 1975 2410 qua
2018 2360 2055 2397 ei
2096 2362 2240 2400 consti-
2276 2364 2308 2397 8.
2346 2366 2463 2399 Deebr.

36 2423 134 2462 tutio
164 2422 214 2462 de
243 2422 438 2462 electione
466 2422 758 2476 archiepiscopi
789 2421 1062 2474 Upsaliensis,
1093 2421 1287 2468 (nimirum
1319 2425 1363 2460 ut
1391 2422 1532 2462 electio
1561 2424 1742 2475 capituli,
1772 2439 1848 2464 non
1878 2429 2108 2468 constitutio
2133 2432 2260 2483 regis'

36 2492 97 2532 vel
124 2491 315 2533 baronum
343 2493 531 2542 valeret),
561 2492 823 2532 denuntiatur.
853 2513 903 2519 —
946 2490 1161 2542 Luqdum',
1191 2489 1258 2529 Vl.
1289 2490 1341 2529 id.
1370 2491 1514 2531 Dechr.
1544 2493 1682 2546 pontif.
1712 2507 1813 2534 anno
1843 2501 1995 2536 octavo.

429 2563 608 2605 Liljegren
631 2563 857 2606 Diplomatar.
882 2563 1026 2593 Svecan.
1051 2561 1077 2594 1.
1103 2570 1157 2593 no.
1180 2561 1260 2593 383.
1285 2571 1317 2604 p.
1341 2560 1422 2593 349.

295 2624 424 2681 [906.]
482 2625 622 2665 Pn‘rlu
651 2624 838 2664 Ennoms
870 2635 974 2661 1⁷11.ss
1006 2622 1274 2660 testimonium
1304 2621 1353 2661 de
1380 2624 1506 2675 patris
1534 2624 1618 2670 sui,
1648 2623 1795 2663 domini
1822 2625 2003 2668 Ebbonis
2030 2628 2236 2681 Sunaesun,

37 2693 247 2735 donatione
276 2693 467 2735 honorum
498 2696 536 2734 in
565 2694 745 2734 Herleuae
776 2697 906 2739 norro,
935 2692 1176 2730 monasterio
1204 2690 1437 2731 Esromensi
1468 2692 1583 2732 sacta.
1612 2714 1659 2721 -—
1689 2693 1998 2751 Knarrcetltorp.

428 2765 615 2799 Thorkelin
639 2764 730 2808 Dipl.
754 2764 988 2804 Arna-Magn.
1012 2762 1039 2795 1.
1068 2761 1144 2794 175.
1191 2761 1378 2803 Langebek
1402 2762 1539 2806 Scriptt.
1563 2763 1625 2797 IX.
1684 2787 1695 2797 .
1721 2764 1804 2798 Cod.
1829 2767 1963 2802 Esrom.
1989 2769 2047 2803 fol.
2073 2771 2237 2806 XCVIII.

1063 2890 1209 2941 1251.
1714 2868 1715 2871 Ἴ
2306 2913 2421 2954 1251.

294 2992 424 3043 [907]
481 2994 672 3044 A(m31.1s)
710 2993 818 3045 regis
845 2991 1045 3031 Danorum
1083 2988 1410 3042 &lavor-umque,
1452 2990 1567 3031 ducis
1602 2991 1747 3040 Juciae,
1789 2975 2039 3048 privilegium¹
2079 2998 2235 3040 civibus
2271 2997 2327 3032 20.
2353 3000 2453 3034 Febr.

37 3060 283 3115 Ripensihus
318 3063 475 3112 datum,
517 3068 614 3111 “ut,
652 3063 878 3115 ubicunque
909 3061 1007 3100 insra
1036 3059 1223 3098 terminos
1261 3061 1368 3112 regni
1407 3064 1448 3100 et
1475 3061 1643 3101 ducatus
1672 3065 1960 3116 negociationis
1995 3081 2116 3107 causa
2145 3084 2234 3110 cum

35 3132 124 3171 suis
164 3133 433 3191 mercimoniis
472 3133 719 3180 devenerint,
761 3132 874 3171 liberi
917 3143 1011 3170 esse
1053 3127 1222 3167 debeant
1263 3132 1303 3168 et
1341 3131 1512 3183 exempti
1549 3133 1710 3183 penitus
1745 3146 1768 3172 a
1806 3134 2004 3176 solutione
2040 3137 2232 3186 thelonei,

37 3199 336 3256 Thorug-gield‚
364 3202 547 3243 Forband
577 3217 628 3256 og
658 3201 934 3253 Strandvrag”.
962 3220 1015 3228 —-
1042 3198 1181 3251 Ripis,
1208 3199 1362 3238 calend.
1390 3199 1522 3240 Martii
1551 3200 1602 3240 X.
1632 3214 1720 3241 ann.
1753 3202 1869 3243 1250.

425 3274 601 3316 Terpager
625 3272 719 3315 1³³⁹ae
743 3270 869 3304 cimbr-
895 3280 927 3312 ι».
951 3267 1030 3302 686-
1088 3268 1232 3312 tutem.
1257 3269 1345 3304 nan.
1371 3280 1424 3315 ap.
1452 3270 1618 3315 cannen,
1643 3273 1766 3308 nesi..
1792 3284 1874 3310 over
1894 3275 1981 3312 mie
2003 3288 2035 3322 p.
2064 3277 2230 3314 159-60.

427 3334 502 3369 cfr.
529 3334 635 3368 suhm
660 3333 750 3368 ffist.
771 3332 811 3365 af
831 3331 979 3366 Danmk.
1003 3330 1048 3363 X.
1077 3328 1151 3362 183.
