2649 3686
726 140 881 190 Koxc.
917 140 1264 194 Cnmsropnnn
1302 159 1399 192 DEN
1434 141 1642 190 Fons're.
2199 147 2294 196 129

341 310 497 360 [1014.]
555 311 809 353 ΑιεκΑΝυκι
849 315 964 365 (lvti)
999 331 1111 370 papae
1147 317 1270 365 bulla,
1314 330 1395 370 qua
1419 315 1624 355 sororibus
1653 316 1882 353 monasterii
1914 314 2063 354 ordinis
2092 314 2148 354 Sfl
2177 317 2292 356 Fran·
2365 319 2480 360 1258.

82 382 179 420 eisci
210 380 430 443 Roskildis
451 383 581 420 omnia
610 381 733 430 bona,
764 385 986 426 feudalibus
1016 389 1216 440 exceptis,
1259 388 1433 441 recipere
1470 390 1511 426 et
1546 386 1715 425 retinere
1743 386 1947 437 permittit.
1989 407 2044 413 —
2096 385 2289 435 Vita-bii,
2331 387 2359 418 ¹·
2385 389 2513 422 Martii.

80 450 230 491 calend.
258 450 414 498 Martii,
444 452 584 504 pontif.
616 466 717 491 anno
747 459 897 506 quarto.

473 522 662 554 'l'liorkelin
689 523 909 566 Diploinatar.
937 529 1171 569 Arna-Magn.
1198 530 1223 561 1.
1248 539 1280 571 p.
1307 527 1388 560 231.

340 583 496 633 [1015]
557 584 813 624 Annxmvnnr
854 586 964 639 (lvti)
1001 602 1111 642 papoe
1150 589 1270 630 literae
1307 589 1357 628 ad
1393 588 1740 642 arehiepiscopum
1770 586 2040 639 Upsalensem
2070 589 2110 625 et
2139 588 2291 639 episco'-
2325 594 2356 626 8.
2384 595 2524 637 Aprilis.

79 667 169 706 pum
212 652 532 702 Slesvicensem,
585 655 729 707 quibus
773 656 941 696 facultas
991 659 1219 698 conceditur
1270 660 1495 698 cessionem
1543 657 1684 697 Jacobi
1729 656 2021 709 archiepiscopi
2065 656 2294 697 Lundensis

78 724 233 777 “quoad
263 738 395 764 curam
425 725 656 776 regiininis’'
683 727 910 778 recipiendi.
939 750 992 756 —-
1030 729 1225 777 Γίωνὸιϊ,
1254 729 1323 767 vl.
1354 728 1444 768 idus
1477 728 1646 781 Aprilis,
1677 727 1817 780 pontif.
1847 740 1949 766 anno
1979 728 2053 766 42⁰.

468 795 656 834 Langebek
682 796 821 839 Scriptt.
847 798 891 830 V.
917 798 995 833 518.
1047 800 1120 832 Csr.
1146 800 1251 832 Sulim
1278 799 1367 832 nist.
1393 800 1433 831 af
1454 799 1600 831 Danmk.
1626 798 1672 830 X.
1697 798 1777 829 360.

336 855 492 905 [lom]
550 856 712 904 Literae,
743 859 886 910 quibus
917 860 1210 900 CRls'roFORUS
1247 876 1314 900 rex
1351 860 1536 900 fratribus
1575 862 1795 899 conventus
1824 872 1859 897 S.
1890 857 2049 897 Tbomae
2088 858 2137 896 de
2166 856 2284 897 Para·
2334 867 2384 900 15.
2411 868 2505 907 Maji.

76 928 167 967 clito
196 925 403 973 concedit,
432 930 476 965 ut
505 928 541 965 in
574 926 757 966 theloneo
787 942 975 981 equorum
1006 934 1045 968 et
1072 932 1107 969 in
1139 931 1228 970 aliis
1259 935 1383 970 totum
1408 932 1479 983 jus
1508 931 1659 981 regium
1699 930 1736 968 in
1768 928 1954 968 nundinis
1984 928 2035 968 ad
2065 928 2153 968 dies
2184 930 2289 981 regis

76 1002 115 1037 et
142 996 300 1036 abbatis
328 997 520 1036 willelmi
549 997 798 1050 possideant.
827 1021 880 1026 -
908 999 1141 1049 Roskildis,
1172 1015 1260 1039 ann.
1289 1000 1584 1040 MCCLXVHI.
1616 1000 1670 1039 id.
1699 999 1812 1052 Maji.

467 1067 655 1109 Langebek
681 1067 819 1111 Scriptt.
844 1069 907 1101 VI.
937 1069 1012 1102 162.
1062 1071 1134 1104 Csr.
1164 1072 1268 1103 Sulrm
1294 1070 1384 1103 nist.
1411 1071 1452 1102 af
1472 1071 1617 1103 Danmk.
1641 1071 1687 1102 X.
1712 1070 1787 1102 361.

334 1128 492 1178 [1017]
548 1128 693 1168 Literae
721 1129 907 1177 Essem,
941 1132 1119 1184 episcopi
1150 1133 1366 1185 Ripensis,
1397 1131 1446 1170 de
1476 1133 1735 1171 conventione
1773 1131 1878 1170 faeta
1908 1132 2008 1170 inter
2036 1144 2125 1169 eum
2156 1134 2195 1170 et
2224 1144 2287 1169 co·
2325 1138 2358 1169 8.
2385 1137 2516 1179 Septhr.

74 1200 188 1239 lonos
212 1200 303 1252 ejus
328 1200 365 1238 in
391 1198 574 1246 Tundaer,
605 1199 654 1239 de
686 1213 846 1238 nurnero
875 1201 1157 1253 plaustrorum,
1189 1217 1273 1256 quae
1303 1202 1432 1241 coloni
1463 1203 1661 1241 annuatim
1692 1203 1730 1240 in
1759 1215 1876 1240 usum
1907 1202 2087 1254 episcopi
2117 1200 2290 1253 praebere

76 1269 256 1310 debeant.
286 1292 340 1298 —
376 1269 568 1317 Tundcer,
600 1271 638 1309 in
669 1271 872 1309 nativitate
902 1270 1026 1310 beatae
1055 1272 1189 1311 Mariae
1218 1274 1314 1325 virg.

230 1342 236 1346 ’
468 1340 659 1374 Michelsen
684 1341 1008 1374 Urkundensarnml.
1032 1343 1059 1374 l.
1085 1343 1141 1374 80.

334 1401 491 1451 [1018.]
548 1402 702 1441 ,ΙΑοοΒι
733 1402 1023 1456 archiepiscopi
1052 1403 1282 1444 Lundensis
1311 1405 1452 1452 literae,
1496 1404 1643 1458 quibus
1673 1404 1895 1443 continetur
1929 1401 2034 1441 bulla
2065 1401 2279 1441 Alexandri
2312 1402 2363 1434 10·
2391 1403 2526 1446 Scptbr·

76 1469 189 1521 (Wfi)
217 1485 329 1526 papae
360 1473 454 1521 (vid.
485 1486 605 1525 supra
636 1487 699 1511 no.
733 1472 866 1522 1913).
897 1496 946 1501 -—
981 1474 1156 1523 Laudis,
1189 1474 1256 1513 lV.
1288 1475 1342 1514 id.
1373 1474 1634 1528 Septembris.

412 1553 419 1561 ⁸
466 1542 656 1575 Thorkelin
680 1542 907 1585 Diplomatar.
937 1544 1170 1584 Arna-Magn.
1198 1545 1224 1576 l.
1251 1557 1282 1588 p.
1312 1545 1390 1576 232.

333 1604 489 1654 [1019.]
553 1605 708 1644 JAconr
745 1596 1035 1657 archiepiscopi
1064 1605 1294 1644 Lundensis
1337 1605 1704 1658 indulgentiaeffXL
1740 1605 1911 1651 dierum,
1955 1606 2007 1643 iis
2050 1603 2171 1649 datae,
2216 1603 2281 1655 qui
2315 1607 2365 1639 15.
2392 1607 2524 1649 septbr.

69 1677 310 1716 monasterio
348 1689 527 1715 sororum
558 1672 614 1714 Sti
642 1674 826 1714 Damiani
855 1674 1115 1714 Roskildensi
1144 1689 1285 1714 manus
1317 1677 1559 1728 porrexerint
1587 1676 1817 1729 adjutrices.
1848 1696 1898 1703 —-
1936 1675 2118 1722 Laudis,
2156 1671 2286 1712 X'Vll.

72 1745 224 1787 calend.
255 1745 460 1785 Octobris.
833 1784 841 1789 ,

469 1814 657 1848 Thorkelin
681 1814 906 1859 Diplomatar.
932 1814 1163 1857 Arna-Magn.
1191 1817 1218 1848 I.
1243 1827 1274 1859 p.
1300 1816 1379 1848 225.

334 1876 482 1928 [1020]
539 1876 673 1918 ΡΕΤΙιι
708 1878 887 1930 episcopi
913 1877 1195 1917 Roskildensis
1226 1877 1490 1930 indulgentiae,
1524 1878 1576 1916 iis
1601 1876 1714 1924 datae,
1746 1878 1811 1930 qui
1835 1877 2076 1916 monasterio
2103 1887 2281 1914 sororum
2320 1885 2351 1916 3.
2385 1884 2511 1917 Novbr.

72 1947 223 1987 ordinis
252 1944 310 1987 S*i
335 1949 520 1987 Damiani
549 1947 813 1987 Roskildensi
844 1949 1012 2001 ejusque
1042 1947 1220 1987 ecclesiae
1250 1960 1390 1986 manus
1418 1949 1662 1999 porrexerint
1690 1947 1920 2000 adjutrices.
1959 1969 2012 1976 —
2054 1943 2281 1992 Roslctldis,

72 2016 139 2057 ΙΙΙ.
169 2032 259 2058 ηοῃ.
289 2017 542 2057 Novembris.

467 2088 655 2121 Tlrorkelin
679 2088 905 2131 Diplomatar.
930 2089 1167 2128 Arna-Magn.
1193 2087 1219 2121 Ι.
1246 2098 1278 2133 p.
1303 2087 1383 2120 236.

283 2156 289 2158 “
334 2149 492 2199 [1091]
549 2150 731 2190 ΝῐοοιΑῐ
763 2152 943 2204 episcopi
972 2149 1267 2201 XVibergensis,
1308 2148 1531 2187 cancellarii
1569 2150 1675 2199 regis
1704 2149 1928 2195 Danorum,
1972 2147 2163 2200 diploma,
2206 2160 2283 2198 quo

71 2218 259 2258 fratribus
278 2219 532 2260 ,Vitescholae
561 2221 766 2260 libertates
797 2225 836 2260 et
865 2221 1153 2265 immunitates,
1179 2220 1258 2272 juri
1288 2219 1506 2272 episcopali
1536 2220 1769 2266 attinentes,
1809 2232 1908 2271 quas
1937 2231 1960 2256 a
1988 2217 2284 2270 praedecessore

73 2303 146 2329 suo
177 2289 365 2331 Gunnaro
396 2291 662 2338 obtinuerant,
693 2291 906 2330 confirmat.
935 2312 988 2318 —
1018 2290 1112 2327 Sine
1142 2302 1256 2326 anno.

467 2363 555 2393 Dan.
581 2361 743 2394 Biblioth.
769 2361 834 2393 Vl.
864 2360 939 2392 158.
989 2359 1062 2392 cfr.
1089 2359 1193 2390 Sulnn
1220 2358 1311 2390 nist.
1337 2359 1379 2390 af
1398 2359 1543 2391 Danmk.
1568 2359 1613 2390 X.
1638 2358 1718 2391 362.

333 2422 490 2472 [1022]
549 2423 775 2469 Sententia,
817 2422 896 2460 lata
934 2420 982 2460 ab
1021 2419 1232 2458 abbatibus
1259 2419 1296 2458 J.
1327 2433 1377 2458 ne
1409 2419 1688 2459 CLARAVALLE
1728 2423 1768 2458 et
1804 2418 1847 2457 C.
1879 2431 1931 2456 ne
1961 2416 2209 2456 Momwm
2243 2418 2280 2455 in

74 2507 194 2534 causa
238 2496 338 2534 inter
381 2493 564 2532 abbatem
608 2497 648 2532 et
692 2495 926 2531 conventum
964 2491 1012 2530 de
1050 2490 1234 2529 Doberan
1273 2503 1320 2528 ex
1358 2503 1436 2528 una
1474 2494 1585 2542 parte
1614 2494 1654 2528 et
1682 2489 1864 2528 abbatem
1902 2491 1942 2526 et
1970 2490 2204 2526 conventum
2235 2486 2284 2524 de

70 2564 215 2604 Esrom
250 2579 299 2604 ex
335 2565 458 2603 altera
496 2568 608 2618 parte
645 2576 765 2615 super
796 2563 885 2615 jure
920 2561 1169 2613 paternitatis
1198 2559 1365 2598 abbatiae
1395 2559 1444 2598 de
1472 2560 1658 2611 Dargun,
1702 2557 1809 2611 quod
1837 2557 1970 2596 abbati
1999 2560 2039 2596 et
2074 2556 2283 2595 conventui

68 2635 116 2675 de
145 2635 330 2675 Doberan
359 2635 621 2689 adjudicatur.
650 2655 704 2661 —
734 2632 860 2684 Apud
890 2629 1187 2670 Ciam-cieuses
1216 2627 1553 2678 (Cistercizcnt?),
1591 2632 1766 2680 tempore
1796 2627 1959 2680 capituli
1989 2625 2197 2678 generalis.

466 2704 698 2748 VVestphalen
722 2704 873 2734 Monum.
899 2700 987 2733 ined.
1013 2699 1074 2732 111.
1104 2698 1202 2730 1505.

1104 2800 1247 2849 1259.
1631 2839 1634 2842 ,
2356 2819 2473 2860 1259·

335 2904 481 2957 [1023]
538 2904 691 2943 JAcom
724 2898 1013 2953 archiepiscopi
1043 2897 1272 2936 Lundensis
1301 2896 1434 2942 literae,
1464 2894 1608 2948 quibus
1638 2897 1767 2935 omnia
1796 2895 1912 2942 bona,
1943 2908 2027 2947 quae
2057 2894 2171 2933 titulo
2202 2909 2286 2947 per·
2313 2904 2545 2936 ant02.Feb1·.

73 2978 304 3017 mutationis
341 2990 363 3015 a
402 2975 560 3014 domino
589 2972 771 3012 Esberno
801 2969 1063 3021 W'oghensun
1100 2969 1138 3006 in
1174 2964 1588 3017 Flaekaehiargshaeret
1622 2965 1794 3018 adeptus
1836 2968 1922 3012 est,
1965 2964 2117 3004 confert
2151 2979 2284 3004 mona-

73 3049 195 3087 sterio
226 3047 296 3086 Stae
317 3043 439 3086 Clarae
468 3042 692 3083 Roskildis.
717 3064 771 3070 —
799 3041 972 3081 Lzmde‘s.

465 3112 652 3147 Thorkelin
677 3111 900 3154 Diplomatar.
926 3109 1162 3148 Arna-Magn.
1185 3107 1212 3139 Ι.
1238 3117 1268 3149 p.
1294 3105 1372 3138 2:39.
1421 3105 1495 3138 Cfr.
1521 3105 1626 3155 subm
1652 3105 1740 3138 Hist.
1767 3105 1806 3137 af
1830 3104 1977 3137 Danmk.
2002 3105 2048 3137 X.
2073 3105 2153 3137 375.

113 3226 115 3230 ,
297 3152 302 3162 Ι
332 3176 486 3224 [1024.]
542 3174 699 3214 Βοὲτιι
729 3173 879 3212 Decani
910 3174 949 3210 et
977 3168 1135 3221 capituli
1164 3167 1395 3224 Lundensis
1423 3167 1543 3206 literae
1573 3165 1624 3205 ad
1653 3166 1828 3206 decanos
1857 3169 1898 3205 et
1924 3165 2182 3218 presbyteros
2212 3181 2282 3219 per
2306 3177 2339 3210 5,
2366 3178 2531 3211 Februar.

71 3245 320 3286 Hallandiam
350 3246 613 3290 constitutos,
644 3242 789 3294 quibus
817 3240 1066 3294 prohibetur,
1096 3251 1143 3275 ne
1173 3237 1329 3276 “divina
1360 3236 1488 3276 officia
1518 3229 1679 3294 populo,
1709 3251 1756 3277 ac
1792 3237 1853 3276 eis
1883 3239 2129 3275 sacramenta
2159 3237 2283 3276 eecle-

73 3315 240 3355 siastica
268 3314 478 3354 exhibere³⁹
510 3315 761 3366 praesumant.
793 3333 841 3339 —
872 3309 1001 3349 Nonis
1029 3306 1243 3346 Februarii.

141 3387 268 3422 Regest.
288 3387 364 3415 Dan.
385 3386 408 3414 1.
1987 3379 2033 3418 17
