2649 3686
872 150 1026 200 Koxo
1059 150 1190 200 Emi(
1224 151 1462 201 MENVED.
2173 158 2268 208 181

1089 325 1235 376 1295.
2344 345 2460 386 1295.

319 414 474 464 [1473]
532 415 697 465 Literae,
742 419 885 472 quibus
926 421 1142 464 Nicotaus
1185 423 1455 463 ΜΑοΝυεεὸΝ
1499 427 1539 464 et
1579 422 1750 464 Pnrnus
1793 423 1998 463 Joxmsiix
2043 424 2091 464 de
2130 425 2274 465 Scania
2297 428 2517 464 22·Januar.

56 484 250 536 Brothero
279 484 469 532 diacono,
500 486 576 525 sub
606 488 832 529 conditione
863 493 1220 541 retrovenditionis,
1250 495 1478 547 impertiunt
1506 508 1746 534 consensum
1777 494 1931 533 emendi
1957 495 2133 547 quaedam
2156 495 2272 542 bona,

57 567 141 609 quae
171 553 357 608 Ingiaerd,
399 556 536 595 relicta
566 556 713 597 domini
743 559 937 601 Johannis
966 563 1224 610 AErlandsiim
1261 564 1414 603 venalia
1442 563 1574 604 habet.
1603 586 1657 594 ——
1694 565 1771 604 Die
1800 564 1905 604 beati
1936 565 2131 604 vincentii
2162 569 2273 603 mart.

453 627 641 668 Langebek
667 629 806 672 Scriptt.
832 632 893 664 Vl.
919 632 998 665 487.

317 687 473 736 [1474]
531 687 699 738 Literae,
743 691 888 744 quibus
929 693 1141 735 Nicomus
1181 695 1500 736 Tuonsumsiim
1539 709 1686 736 nrc'rvs
1717 695 1812 736 ΗΑκ
1852 695 2050 736 Brothero
2081 695 2271 742 diacono,
2295 708 2351 741 23,
2375 711 2521 744 Januar.

56 757 250 797 canonico
278 756 514 804 Arusiensi,
559 757 626 797 dat
661 775 900 802 consensum
939 765 1092 804 emendi
1133 766 1309 819 quaedam
1345 765 1468 813 bona,
1513 752 1597 820 quie
1627 766 1814 819 1ngiaerd,
1858 767 1994 806 relicta
2020 766 2168 805 domini
2205 766 2273 806 Jo-

60 825 202 867 hannis
229 827 491 874 AErlandsiin,
523 829 675 868 venalia
705 829 836 870 hahet.
867 855 915 861 —
948 833 989 872 ln
1019 837 1191 875 crastino
1220 836 1260 876 h.
1289 836 1503 876 Vincentii.

451 899 638 939 Langebek
664 900 802 944 Scriptt.
828 903 889 935 Vl.
915 903 993 937 488.

318 959 476 1008 [1475]
534 960 699 1009 Literae,
731 976 815 1015 quae
845 964 1063 1014 declarant,
1103 957 1300 1008 dominam
1331 968 1575 1009 incinvncn
1606 983 1746 1009 omnes
1783 982 1880 1008 suas
1915 969 2205 1021 possessiones
2236 970 2274 1007 in
2325 977 2354 1010 1.
2387 979 2487 1011 Febr.

54 1026 397 1082 Holmstorpmark
426 1031 464 1069 in
494 1030 773 1079 Haslaeherrit,
811 1036 1158 1088 propinquioribus
1193 1040 1372 1091 cognatis
1409 1040 1540 1091 ipsius
1570 1039 1743 1092 legitime
1781 1041 1818 1078 in
1850 1039 1976 1079 tribus
2013 1039 2171 1092 placitis
2207 1052 2271 1078 vc-

54 1098 165 1139 nales
195 1098 418 1147 exhibitas,
447 1102 662 1154 unicuique
691 1102 812 1142 libere
842 1105 1011 1145 vendere
1040 1121 1175 1159 posse.
1203 1131 1257 1138 -—
1287 1108 1330 1148 In
1359 1109 1537 1162 profesto
1566 1110 1852 1163 purificationis
1881 1110 1918 1151 b.
1950 1111 2125 1161 virginis.

450 1172 640 1212 Langebek
666 1172 804 1216 Scripti.
830 1175 892 1209 vl.
917 1176 996 1208 450.

314 1232 471 1281 [1476]
530 1233 675 1274 Literae
706 1235 921 1283 Imma»,
951 1238 1094 1278 relictae
1125 1239 1272 1280 domini
1296 1240 1493 1280 Johannis
1522 1241 1791 1288 AErlaendson,
1825 1240 1970 1294 quibus
2000 1241 2193 1289 declarat,
2223 1256 2269 1282 se
2309 1243 2361 1276 19·
2395 1246 2495 1278 Febr-

53 1315 254 1342 consensu
282 1304 593 1356 propinquorum
623 1319 784 1345 suorum
816 1308 945 1346 omnia
975 1322 1046 1347 sua
1075 1308 1178 1348 bona
1208 1311 1246 1349 in
1275 1311 1507 1364 Holmstorp
1530 1315 1570 1350 et
1592 1311 1778 1364 parochia
1804 1311 1927 1350 Tilest
1956 1313 2047 1358 sita,
2075 1311 2270 1352 Brothero

54 1372 243 1421 diacono,
273 1375 465 1414 canonico
495 1374 778 1423 Roskildensi,
807 1381 1004 1417 scotasse.
1035 1401 1084 1407 —
1116 1379 1291 1420 Sabbato
1321 1395 1432 1434 prox.
1460 1385 1550 1421 ante
1579 1381 1815 1420 dominicam
1844 1380 2057 1421 Innocavit.

448 1446 634 1486 Langebek
661 1445 802 1489 Scriptt.
827 1448 889 1479 VI.
916 1447 994 1482 451.

317 1506 473 1555 [1477]
532 1506 660 1546 Ειιιοι
692 1509 799 1560 regis
828 1508 968 1556 literae,
999 1509 1144 1563 quibus
1173 1515 1306 1551 notum
1336 1511 1450 1559 facit,
1495 1512 1600 1566 quod
1627 1512 1785 1552 domina
1814 1512 1998 1565 Ingiaerd,
2037 1514 2171 1554 relicta
2202 1515 2267 1555 do-
2307 1512 2360 1545 19·
2387 1515 2490 1548 Febr.

51 1576 146 1616 mini
175 1575 373 1616 Johannis
402 1577 664 1624 AErlendson,
708 1580 838 1617 onmia
866 1578 968 1618 bona
1006 1594 1078 1619 sua
1108 1582 1145 1619 in
1174 1581 1406 1634 Holmstorp
1435 1582 1630 1622 Brothero
1660 1583 1846 1629 diacono,
1890 1586 2079 1623 canonico
2109 1585 2267 1625 Roskil-

52 1646 190 1695 densi,
221 1648 449 1687 scotaverit.
480 1669 529 1675 -
564 1647 870 1701 Slanqatleorp,
901 1649 1066 1689 sabbato
1096 1653 1273 1704 proximo
1304 1656 1399 1692 ante
1423 1652 1658 1692 dominicam
1688 1652 1888 1693 lnvocavit
1915 1668 1991 1693 me.

447 1717 633 1759 Langebek
662 1718 800 1761 Scriptt.
826 1720 889 1751 VI.
915 1719 1085 1753 419—50.

316 1779 474 1828 [1478]
534 1779 767 1819 Consanum
797 1780 1040 1821 Ripmxsmm
1078 1786 1117 1821 et
1147 1795 1351 1823 Fan-amr
1393 1797 1558 1823 onmms
1595 1783 1947 1825 prumien-omen
1985 1790 2025 1826 et
2059 1786 2267 1827 Manium
2296 1794 2348 1827 15.
2374 1794 2515 1838 Aprilis.

51 1849 343 1896 testimonium,
388 1863 434 1889 se
470 1849 625 1889 vidisse
660 1850 796 1889 literas
833 1851 1108 1903 appellationis
1137 1853 1297 1905 capituli
1327 1853 1521 1906 Ripensis
1550 1854 1614 1893 dd.
1647 1855 1772 1903 1261,
1808 1857 1923 1895 tertio
1954 1856 2044 1896 idus
2072 1857 2185 1911 Maji.
2213 1880 2267 1887 —

50 1918 192 1973 Εἰρὰς,
222 1921 401 1973 proxima
430 1923 545 1959 sexta
576 1919 672 1958 seria
702 1924 796 1972 post
824 1919 1057 1961 dominicam
1089 1921 1472 1975 Quasimodogeniti.

445 1992 622 2033 Terpager
646 1989 740 2033 Ripae
767 1991 894 2023 Cimbr.
922 2003 951 2034 p.
982 1992 1129 2025 206—7.

312 2052 468 2100 [1479]
527 2052 762 2091 Bos-ineu
793 2052 950 2104 (Vlllvi)
980 2067 1089 2106 papae
1120 2054 1389 2107 dispensatio,
1434 2055 1525 2094 data
1553 2055 1723 2096 Johanni
1754 2056 1860 2097 dicto
1889 2058 1992 2098 Foot
2019 2059 2264 2112 presbytero,
2290 2066 2346 2098 27.
2371 2065 2513 2108 Api-ilis.

51 2122 242 2161 canonico
272 2122 453 2162 ecclesiae
483 2122 789 2168 Roskildensis,
821 2127 883 2170 ut,
913 2124 1006 2162 licet
1034 2123 1082 2162 de
1112 2125 1344 2177 presbytero
1376 2127 1534 2178 genitus
1564 2131 1604 2166 et
1633 2127 1784 2174 soluta,
1822 2129 1859 2166 in
1890 2131 2092 2182 susceptis
2123 2130 2264 2183 ordini-

43 2191 126 2231 bus
155 2182 380 2233 ministrare
410 2197 450 2233 et
479 2193 691 2232 ecclesiam
724 2194 761 2232 in
791 2193 1005 2246 Helsingiir
1034 2196 1387 2248 canonicatumque
1416 2196 1746 2243 Roskildensem,
1788 2211 1955 2238 unacum
1994 2199 2187 2239 fructibus
2217 2214 2264 2239 ex

52 2263 102 2302 iis
131 2257 352 2317 perceptis,
382 2265 549 2303 retinere
580 2264 726 2316 possit.
758 2286 806 2291 —
836 2264 1066 2313 Laterani,
1095 2264 1144 2302 V.
1175 2265 1326 2304 calend.
1355 2265 1474 2318 Maji‚
1500 2266 1639 2318 pontis.
1670 2280 1770 2305 anno
1800 2269 1938 2319 primo.

442 2333 632 2375 Langebek
658 2333 799 2376 Scriptt.
825 2335 887 2366 VI.
911 2334 1081 2366 258—59.
1131 2335 1204 2367 Cfr.
1231 2335 1336 2368 Suhm
1363 2335 1452 2368 nist.
1480 2336 1521 2368 af
1542 2336 1690 2368 Danmk.
1714 2337 1777 2369 XI.
1806 2336 1882 2371 195.

312 2406 468 2456 [1480]
526 2405 654 2446 Enicl
683 2406 882 2446 Danorum
913 2407 1197 2460 Slavorumque
1227 2409 1356 2460 regis,
1387 2408 1501 2448 ducis
1529 2408 1709 2447 Estoniae
1739 2409 1878 2467 literae,
1917 2410 2062 2463 quibus
2092 2412 2161 2459 iis,
2197 2414 2263 2465 qui
2305 2422 2357 2455 10.
2391 2423 2487 2455 Julii,

49 2476 127 2517 “de
156 2477 274 2517 bonis
302 2476 618 2530 Lybecensium,
651 2477 756 2530 apud
786 2477 1003 2516 Wirouiam
1034 2478 1234 2530 naufragio
1264 2479 1449 2524 amissis,
1487 2478 1632 2531 aliquid
1661 2479 1906 2527 levaverunt,
1949 2485 1989 2519 et
2025 2481 2100 2521 hoc
2130 2495 2175 2521 se
2212 2483 2265 2521 le-

6 2587 8 2593 ,
49 2560 170 2587 vasse
200 2547 376 2587 confessi
407 2547 548 2594 sunt'’,
577 2547 758 2594 mandat,
788 2551 832 2586 ut
861 2548 957 2586 infra
988 2548 1133 2586 festum
1164 2549 1282 2586 nativ.
1311 2547 1403 2586 Joh.
1432 2547 1625 2601 Baptistae
1655 2562 1785 2587 coram
1811 2564 1856 2588 se
1879 2552 2136 2603 personaliter
2160 2566 2264 2591 com-

49 2621 235 2670 pareant,
265 2622 306 2658 et
333 2620 527 2657 rationem
557 2617 747 2656 bonorum
777 2622 978 2670 captorum
1009 2617 1184 2656 reddant.
1217 2639 1266 2644 —-
1297 2616 1438 2670 Ripae,
1470 2618 1534 2658 die
1563 2618 1703 2657 Canuti
1734 2620 1838 2671 regis
1868 2624 1908 2659 et
1935 2623 2131 2673 martyris.

442 2687 624 2721 sartorius
653 2688 779 2721 Gesch.
805 2689 836 2720 d.
863 2690 980 2720 Hanse
1005 2688 1055 2720 ed.
1080 2687 1251 2730 Lappenb.
1278 2688 1320 2720 11.
1348 2698 1402 2719 no.
1426 2689 1625 2721 LXXXIII.
1652 2700 1682 2731 p.
1713 2689 1788 2721 185.

310 2761 463 2810 [1481]
520 2761 736 2800 JOHANMS
767 2761 1012 2800 TuchLAxl
1046 2772 1232 2798 Episcopr
1271 2762 1486 2808 sententia,
1531 2775 1607 2814 qua
1636 2761 1865 2810 Nicolaum,
1895 2766 2149 2816 praepositum
2180 2766 2261 2820 Up-
2306 2775 2362 2809 23.
2385 2777 2480 2810 Julii.

49 2830 270 2879 salensem,
315 2835 355 2870 et
392 2831 607 2884 capitulum
638 2831 821 2883 ejusdem
865 2831 1041 2870 ecclesiae
1078 2843 1100 2868 a
1137 2831 1348 2869 sententiis
1377 2833 1799 2871 excommunicationis
1837 2837 1875 2872 et
1904 2837 2185 2887 suspensionis
2214 2837 2262 2876 ab

49 2887 364 2955 archiepiscopo
391 2902 610 2942 Lundensi
637 2902 730 2940 latis
760 2902 914 2948 eximit,
958 2904 998 2939 et
1032 2899 1239 2939 <Nicolaum
1273 2900 1505 2952 praedictum
1541 2901 1870 2954 archiepiscopali
1905 2917 2066 2944 munere
2103 2905 2263 2958 dignum

9 2971 16 2983 ⁸
44 2971 211 3024 judicat.
239 2994 290 3001 —-
313 2972 542 3025 -Anaqm'ce,
572 2970 726 3012 XXIII.
754 2972 909 3010 mensis
937 2970 1051 3017 Julii,
1081 2969 1219 3022 pontis.
1248 2969 1380 3008 Bonis.
1411 2969 1517 3008 vni.
1546 2984 1648 3010 anno
1677 2973 1818 3024 primo.

444 3041 626 3084 Liljegren
648 3041 871 3085 Diplomatar.
897 3044 1038 3073 Svccan.
1063 3040 1108 3072 11.
1133 3050 1186 3072 no.
1216 3039 1314 3071 1135.
1340 3050 1371 3082 p.
1401 3039 1570 3073 189—91.

310 3114 467 3164 [1482]
524 3114 757 3155 Bonis-*acu
788 3112 951 3168 (Vlllvi)
987 3126 1096 3166 papae
1125 3112 1251 3159 bulla,
1296 3125 1373 3165 qua
1400 3108 1578 3159 Nicolai,
1623 3112 1763 3153 decani
1793 3114 1972 3156 ecclesiae
2002 3117 2258 3171 UpsalensiS‚
2289 3120 2341 3154 17.
2362 3121 2520 3164 Augusti.

51 3173 281 3224 electionem
312 3185 349 3224 in
380 3185 727 3238 archiepiscopum
757 3184 939 3237 ejusdem
969 3183 1145 3223 ecclesiae
1175 3182 1397 3229 confirmat,
1426 3183 1665 3236 palliumque
1694 3185 1731 3224 ei
1761 3187 1900 3233 mittit,
1936 3191 2030 3238 post
2058 3189 2262 3240 inaugura-

50 3253 219 3301 tionem,
249 3269 271 3295 a
298 3254 481 3295 Johanne
511 3254 737 3294 Tusculano
770 3255 962 3308 episcopo
992 3252 1232 3299 faciendam,
1262 3265 1285 3292 a
1313 3251 1470 3292 duobus
1498 3253 1676 3294 diaconis
1711 3255 1976 3297 cardinalibus
2008 3257 2260 3306 tradendum,
