2649 3686
356 143 456 192 284
1058 138 1210 186 Koxe
1245 134 1532 181 VALDEMAR
1567 129 1860 178 ATTERDAG.

359 218 2562 239 w

172 316 290 356 1355.
361 322 399 356 et
426 330 497 369 pro
527 315 628 354 omni
658 310 934 352 Standwraeaek
962 309 1107 349 ibidem
1139 304 1349 356 emergenti
1379 300 1526 340 liberos
1556 300 1726 340 dimittit.
1770 322 1819 329 ——
1863 301 2042 347 Aru-rice,
2085 300 2281 341 sabbatho
2318 315 2431 354 prox.
2468 309 2562 356 post

154 387 188 419 9·
213 385 309 426 Maii·
363 386 624 426 inventionem
653 387 797 423 sanctae
827 381 965 420 crucis.

752 450 921 484 Vidensk.
947 446 1062 480 Selsk.
1087 443 1236 476 Skrifter
1257 443 1318 475 IV.
1343 440 1423 474 215.

150 520 184 554 9.
216 519 314 560 Maji.
619 512 770 565 [2390.]
829 509 1049 553 Sententia,
1092 506 1168 544 iata
1197 517 1218 542 a
1248 502 1396 541 Panno
1427 501 1616 553 episcopo
1646 500 1880 546 Arusiensi,
1923 499 2112 540 Nicoma
2143 514 2194 540 nn
2233 501 2416 555 Lamum<
2457 503 2563 558 dapi-

362 586 466 631 fero,
497 585 699 623 ΡΛωιοΝε
728 581 889 621 Joxsox
918 576 1154 619 marscalm.
1184 576 1222 612 et
1251 570 1409 610 duobus
1439 571 1547 616 aliis,
1585 571 1811 622 justitiariis
1840 570 1973 623 piaciti
1997 571 2200 623 justitiarii
2231 567 2446 623 generalis,
2488 588 2564 627 qua

363 656 416 693 W
420 655 614 693 aldemaro
645 653 723 702 regi
754 651 923 702 quinque
952 644 1159 699 parochias
1188 643 1224 680 in
1257 639 1567 679 Galthenherred
1597 643 1637 677 et
1665 653 1735 678 sex
1764 640 1975 692 parochias
2012 641 2048 679 in
2079 641 2294 694 Hvoibjerg
2322 641 2472 684 Herred
2500 645 2550 685 ad

359 726 547 778 judicant
578 744 626 750 --
656 721 842 765 Αηιςῐίης·
873 714 1066 755 sabbatho
1096 726 1202 765 prox.
1232 713 1327 763 post
1354 708 1548 748 Johannis
1577 712 1667 747 aitte
1696 714 1848 761 portam
1880 710 2050 749 latinam

751 787 917 820 Vidensk.
942 784 1055 816 Selsk.
1081 781 1231 814 skrifter·
1256 781 1316 811 lv.
1342 778 1691 810 214—215.Suhm
1718 779 1805 813 nist
1832 781 1875 812 as
1893 781 2038 813 Danink.
2063 781 2161 812 XIII.
2186 746 2360 815 &ti—30.

144 856 195 888 19.
231 855 326 894 Maji.
624 849 772 900 [2:391]
829 847 970 885 Literae
999 844 1051 882 W
1056 855 1272 883 ALnEn-nu
1302 841 1424 891 regiS,
1457 839 1602 892 quibus
1632 845 1820 887 testatur,
1850 842 2010 881 Petrum
2040 841 2286 890 Pedherson,
2316 845 2438 883 civem
2467 846 2565 886 Aru-

365 927 548 967 siensem,
578 924 615 959 et
645 918 859 962 Nicolaum,
890 915 1032 953 dictum
1063 911 1317 956 Seblathsiin,
1348 924 1460 949 suam
1492 914 1640 963 partem
1665 912 1871 964 cujusdam
1897 913 2012 951 curiae
2037 913 2073 951 in
2098 911 2334 966 Thyristorp
2359 913 2566 966 Ningherit

364 996 467 1039 sitae,
496 991 608 1044 priori
639 987 873 1030 Laurentio,
903 984 1089 1022 canonico
1113 981 1323 1020 Arusiensi
1353 985 1551 1020 scotasse.
1582 1001 1632 1007 —
1666 981 1711 1021 In
1737 983 1897 1034 placito
1925 983 2161 1031 Arna-lensi,
2205 984 2318 1023 tertia
2347 983 2441 1023 feria
2470 985 2565 1025 infra

364 1068 538 1103 octavam
567 1056 813 1098 ascensionis
844 1054 1002 1091 domini.

748 1123 937 1164 Langebck
962 1121 1102 1165 Scriptt.
1126 1120 1191 1154 VI.
1215 1119 1296 1153 478.

151 1202 183 1234 9.
209 1200 313 1233 Junii.
623 1186 771 1238 [2392]
831 1185 1050 1228 Lunovrm,
1094 1182 1309 1228 Fiandriae,
1352 1181 1615 1221 Nivernensis
1651 1186 1690 1221 et
1719 1183 2015 1234 Registetensis
2047 1185 2203 1224 comitis
2232 1185 2281 1224 ad
2312 1187 2499 1226 consules
2527 1190 2567 1228 et

361 1261 671 1302 communitatem
701 1257 921 1294 universam
953 1254 989 1292 in
1018 1251 1277 1298 Edemshert,
1308 1251 1384 1291 sub
1417 1252 1573 1292 domino
1603 1254 1777 1306 principe
1806 1252 2057 1292 XVaidemaro
2082 1254 2149 1292 Su
2155 1255 2360 1295 eslecense
2385 1259 2435 1306 (oz
2458 1258 2566 1298 Sies-

359 1332 535 1380 wicensi)
566 1324 894 1377 lite1·a³,‚quibus
923 1322 1205 1362 mer-catoribus
1236 1336 1283 1361 ex
1313 1322 1554 1361 Edemshert
1582 1322 1832 1362 venientibus
1864 1324 1955 1377 jura
1985 1326 2144 1398 antiqua
2183 1329 2222 1363 et
2250 1325 2450 1366 libertates
2479 1341 2567 1367 con·

360 1404 494 1442 firmat.
523 1421 575 1429 -
603 1398 722 1438 Uale
741 1399 874 1448 γαΐα
903 1394 1089 1445 ques,
1120 1393 1182 1431 die
1211 1406 1311 1431 nona
1340 1394 1490 1432 mensis
1519 1393 1636 1432 Junii.

745 1464 875 1497 Archiv
901 1465 957 1496 fiir
982 1466 1122 1495 staats-
1148 1462 1214 1494 und
1239 1461 1589 1504 Kircbengeschichte
1616 1465 1675 1497 der
1700 1464 1988 1505 Herzogthnmer,
2014 1467 2053 1498 B.
2082 1465 2127 1498 ΙΙ.
2152 1476 2185 1508 p.
2210 1464 2292 1498 561.

144 1539 194 1571 13.
218 1536 323 1570 Junii.
618 1527 773 1576 [⁶2:393]
830 1525 966 1564 Pn'riu
1006 1525 1208 1577 praepositi
1244 1524 1422 1563 ecclesia>
1459 1525 1757 1577 W'ibeigensis,
1801 1527 2006 1578 totiusque
2044 1527 2203 1579 capituli
2241 1526 2404 1575 ibidem,
2447 1527 2568 1567 Timr-

362 1602 473 1641 donis
502 1598 701 1651 Dyaconi,
731 1596 921 1635 auditoris
950 1595 1082 1647 placiti
1113 1594 1310 1645 generalis
1339 1594 1615 1647 XVibergensis
1645 1599 1684 1634 et
1713 1596 1875 1635 aliorum
1914 1596 2171 1649 complurium
2210 1600 2492 1636 transsuintuni
2529 1598 2570 1637 ii·

361 1677 547 1715 terarum,
591 1681 707 1720 supra
745 1665 820 1706 sub
858 1680 920 1704 no.
960 1664 1079 1704 2:388.
1117 1664 1336 1703 allatarum.
1379 1687 1433 1693 —-
1477 1664 1653 1705 Sabbato
1683 1668 1861 1719 proximo
1898 1670 1988 1705 ante
2025 1666 2167 1706 festum
2205 1667 2286 1706 Viti
2322 1672 2362 1707 et
2395 1667 2570 1708 Modesti

360 1746 570 1793 martyrum
600 1738 815 1778 beatorum.

751 1804 966 1839 Vidcnskah.
992 1804 1108 1836 Selsk.
1133 1803 1285 1837 skrii'ter
1309 1805 1373 1837 IV.
1398 1805 1569 1838 215—17.

147 1878 201 1910 29.
226 1877 320 1910 Julii.
624 1869 778 1917 [2304]
834 1867 1111 1906 Wunmmm
1150 1866 1353 1905 Danorum
1389 1867 1494 1918 regis
1531 1868 1730 1919 quittatio,
1773 1866 2078 1907 Lubecensibus
2116 1867 2225 1914 data,
2261 1882 2332 1921 pro
2362 1869 2569 1920 nongentis

361 1944 503 1983 marcis
533 1941 776 1980 denariorum
807 1942 1075 1988 argenteorum
1106 1935 1409 1975 Lubecensinm.
1440 1959 1489 1966 —
1521 1936 1726 1985 Holbelce,
1759 1937 1821 1976 die
1852 1937 1969 1976 Olavi
2001 1939 2118 1989 regis.

750 2007 926 2041 sartorius
953 2006 1077 2039 Geseh.
1105 2006 1137 2038 d.
1163 2008 1280 2039 Hanse
1305 2007 1356 2039 ed.
1382 2008 1555 2050 Lappenb.
1581 2008 1624 2040 11.
1650 2018 1705 2040 n0.
1730 2006 1978 2040 CLXXVIllb.
2004 2019 2036 2051 p.
2062 2009 2140 2041 432.

130 2084 162 2116 9.
183 2081 340 2124 Augusti.
623 2071 777 2119 [2395]
834 2069 976 2107 Literae
1004 2067 1163 2114 PAUrA,
1200 2069 1432 2108 Arusiensis
1463 2069 1659 2122 episcopi,
1704 2069 1849 2121 quibus
1878 2070 2124 2109 canonicatui
2162 2073 2200 2109 et
2228 2069 2464 2122 praebendae,
2507 2070 2569 2108 cui

361 2148 504 2198 praeest
531 2141 720 2181 Nicotaus
750 2139 876 2186 Brok,
920 2138 1126 2177 ecclesiam
1155 2143 1380 2178 sanctorum
1410 2139 1677 2191 apostolorum
1708 2140 1884 2179 Simonis
1914 2144 1952 2179 et
1981 2139 2094 2179 Judae
2123 2141 2161 2179 in
2191 2138 2347 2191 AEghw,
2372 2153 2570 2179 consensu

364 2213 685 2268 parochianorum
714 2209 949 2255 accedente,
979 2209 1163 2247 annectit.
1200 2230 1242 2237 —
1274 2208 1316 2247 In
1346 2210 1475 2261 vigilia
1505 2208 1608 2249 beati
1637 2209 1852 2249 Laurentii.

751 2279 936 2321 Langebek
967 2278 1104 2321 Scriptt.
1130 2279 1193 2311 vt.
1218 2278 1298 2311 473.

113 2351 164 2383 10.
184 2348 339 2391 Augusti.
624 2341 777 2390 [2396]
835 2345 1029 2380 Ascfflws
1073 2342 1109 2379 in
1153 2340 1357 2393 Helsynge
1392 2344 1430 2379 et
1465 2340 1670 2380 mmmm,
1707 2341 1744 2379 in
1782 2339 1982 2392 Sitiborgh
2025 2341 2273 2386 sacerdotes,
2318 2341 2570 2380 ecclesiarum

364 2414 507 2453 ibidem
534 2416 720 2458 rectores,
743 2412 970 2451 JOHANNES
999 2410 1173 2457 mee,
1203 2411 1422 2450 advocatus
1452 2411 1486 2449 in
1512 2410 1728 2462 Stoboi-gh,
1758 2418 1796 2449 et
1825 2411 1888 2449 aiii
1919 2414 2050 2449 notum
2081 2411 2238 2453 faciunt,
2269 2411 2375 2462 quod
2405 2411 2571 2450 Frrendo

366 2485 413 2523 de
443 2482 618 2522 Tiswilie
648 2483 774 2520 omnia
803 2481 905 2519 bona
937 2494 1009 2519 sua
1048 2481 1083 2518 in
1115 2479 1291 2520 Tiswiila
1330 2481 1566 2520 monasterio
1603 2480 1745 2519 Esrom
1781 2495 1852 2533 pro
1891 2484 1979 2519 octo
2016 2482 2158 2520 marcis
2195 2483 2345 2531 argenti
2383 2481 2572 2534 impigno-

369 2555 518 2593 raverit.
547 2575 599 2580 —-
628 2552 676 2591 In
700 2552 861 2604 placito
893 2549 1214 2598 Holmboleceret,
1246 2550 1309 2589 die
1339 2550 1442 2590 beati
1470 2550 1670 2589 Laurentii
1700 2552 1897 2603 martyris.

754 2621 891 2653 Kierult
913 2621 1037 2653 Esrom
1059 2620 1219 2653 Kloste1·s
1245 2621 1335 2652 nist.
1359 2632 1390 2664 p.
1415 2620 1564 2653 61—62.
1612 2621 1697 2653 cod.
1721 2621 1856 2654 Esrom.
1882 2620 1944 2653 fol.
1970 2621 2184 2653 CXXXVH.

121 2698 171 2730 ιι,
193 2698 346 2739 Augusti.
629 2682 782 2731 [2397]
838 2682 979 2721 Literae
1006 2681 1163 2727 mom,
1208 2683 1440 2721 Arusiensis
1477 2683 1672 2735 episcopi,
1719 2681 1864 2735 quibus
1903 2684 2172 2721 annectionem
2208 2695 2279 2734 per
2315 2682 2572 2728 Swenonem,
2626 2694 2630 2697 ·

372 2753 565 2805 quondam
594 2755 838 2805 episcopum,
882 2752 1086 2799 Amando,
1129 2752 1316 2790 canonico
1345 2752 1573 2798 Arusiensi‚
1618 2766 1738 2805 super
1768 2752 1933 2791 ecelesia
1972 2751 2074 2790 beati
2103 2751 2305 2790 Laurentii
2335 2753 2370 2790 in
2403 2751 2571 2791 Thweth

375 2823 532 2868 factam,
562 2823 769 2861 accedente
799 2821 1122 2873 parochianorum
1151 2835 1369 2867 consensu,
1408 2822 1620 2861 confirmat.
1657 2844 1710 2851 —
1751 2822 1897 2873 vigilia
1925 2822 2214 2874 assumptionis
2242 2822 2368 2862 beatae
2397 2823 2571 2874 virginis.

760 2890 946 2931 Langebck
972 2891 1110 2934 Seriptt.
1135 2891 1196 2923 VI.
1223 2892 1303 2923 467.

154 2964 186 2995 τ,
213 2964 343 3005 septbr.
632 2950 787 2998 [23538]
846 2950 1130 2990 Testimonium
1165 2965 1326 2991 emer-ri
1357 2965 1593 2992 Pnorixeffl
1624 2952 1955 2992 Hominonffimnr
1987 2951 2036 2990 de
2066 2952 2170 2990 curia
2201 2952 2235 2990 in
2267 2952 2467 2999 Sta-thou,
2499 2960 2572 3004 'per

378 3021 598 3059 Svcnonem
626 3019 840 3058 Henkilson
869 3023 1104 3060 monasterio
1133 3021 1363 3062 Esromensi
1393 3024 1457 3061 “in
1487 3023 1655 3075 pignus”
1686 3026 1852 3062 scutata.
1881 3043 1933 3050 —-
1962 3020 2149 3059 Profesto
2174 3023 2387 3062 nativitatis
2413 3021 2451 3061 b.
2476 3023 2570 3073 virg.

763 3089 1173 3132 Kolderup—Rosenvinge
1197 3093 1387 3125 Bemaerkn.
1413 3103 1466 3127 om
1491 3094 1577 3124 Pant
1600 3103 1632 3135 p.
1657 3092 1690 3124 8.
1740 3092 1822 3124 Cod.
1847 3092 1982 3123 Est-oin.
2011 3090 2070 3122 fol.
2098 3089 2222 3123 CXLb.

147 3169 197 3201 143·
225 3167 353 3210 Septbr.
635 3147 788 3196 [2399]
845 3149 1115 3190 wAnnemm
1145 3152 1258 3191 ducis
1283 3152 1399 3192 Jutiae
1423 3153 1556 3199 literae,
1586 3152 1733 3205 quibus
1756 3155 1935 3198 testatur,
1965 3151 2160 3203 quendam
2183 3153 2380 3192 Andream
2396 3151 2568 3191 Jtinssen

379 3220 427 3259 de
456 3217 675 3269 ffiwilsliyl,
718 3232 845 3257 coram
878 3219 1005 3270 ipsius
1041 3222 1260 3273 justiciario
1289 3221 1472 3275 W'oghen
1502 3222 1711 3262 Niclesscn
1742 3222 2015 3267 constitutum,
2060 3223 2187 3262 omnia
2218 3227 2256 3262 et
2284 3223 2440 3274 singula
2469 3221 2569 3261 bona
