2649 3686
365 157 461 207 176
1165 147 1323 195 Rom
1355 142 1486 191 Ean<
1519 140 1757 189 MENVED.

361 215 2572 252 Ν

173 331 291 372 1290.
756 327 875 369 postea
899 333 1005 368 usque
1028 322 1070 354 ad
1095 319 1235 364 primam
1260 313 1461 349 dominicam
1487 312 1616 345 mensis
1636 310 1785 353 Augusti
1811 319 1992 353 occurrere
2015 311 2141 351 potest.
2188 309 2268 344 Vid.
2291 309 2387 342 L'art
2411 309 2452 343 de
2475 312 2572 345 veri-

758 389 819 420 fier
842 386 894 419 les
919 385 1017 417 dates
1043 382 1115 426 (ed.
1140 379 1254 413 Paris.
1282 376 1380 409 1818.
1406 373 1460 417 4.)
1485 376 1581 406 Tom.
1606 374 1634 405 I.
1660 384 1691 417 p.
1721 372 1796 404 183.
1825 371 1888 404 sub
1913 381 1986 404 voc.
2011 371 2115 404 Deus
2140 371 2305 404 omnium
2329 371 2482 412 adjutor
2506 380 2572 408 eet,

625 449 780 498 [1429]
839 447 1067 486 Tflnuuo'rr
1087 439 1286 495 praepositi
1304 436 1532 476 Lundensis
1548 435 1831 479 testimonium,
1863 432 1912 471 de
1933 436 2045 485 parte
2069 433 2281 472 molendini
2305 433 2340 472 in
2366 433 2572 488 Helsinge.

361 521 490 574 burgh
518 521 583 560 siti
610 522 663 570 (in
689 517 888 566 Giuindi),
915 529 985 567 per
1005 512 1221 553 Johannem
1244 505 1447 547 Tholffsun
1467 505 1705 543 monasterio
1721 503 1958 542 Esromensi
1978 502 2119 554 legata.
2141 525 2195 530 —-
2219 503 2314 542 Sine
2338 516 2425 542 ann.
2446 508 2484 543 et
2499 505 2572 545 die.

752 585 939 628 Langebek
965 582 1103 625 Scriptt.
1129 581 1190 613 IX.
1285 600 1295 609 .
1343 575 1427 608 Cod.
1452 575 1590 607 Esrom.
1617 573 1680 606 fol.
1706 573 1867 607 CXCIX.

123 668 172 700 12,
201 665 338 700 Octobr.
623 649 778 699 [1430]
835 648 1049 686 JOHANMS
1101 638 1388 691 archiepiscopi
1432 635 1661 674 Lundensis
1710 634 1982 674 testimonium
2032 634 2082 673 de
2121 639 2232 687 parte
2280 634 2496 674 molendini
2537 637 2573 675 in

365 723 546 769 Giuindi,
590 723 626 760 vi
657 717 879 758 testamenti
907 714 1100 755 Johannis
1129 708 1322 749 Tholsstin
1358 706 1600 746 monasterio
1629 704 1861 745 Esromensi
1887 704 2124 758 adjudicata.
2166 726 2215 733 -
2260 705 2442 752 Laudis,
2486 705 2574 746 idus

365 793 548 833 Octobris
578 794 728 844 quarto.

752 854 937 896 Langebek
964 851 1101 894 Scriptt.
1126 850 1188 882 IX.
1282 871 1292 881 .
1340 846 1423 880 Cod.
1448 846 1585 878 Esrom.
1612 844 1672 877 fol.
1700 844 1892 879 CXCVIII.

132 936 188 966 20.
214 932 341 966 505va
628 918 772 970 [1431]
830 915 1048 954 JOHANle
1074 911 1187 951 electi
1210 909 1453 963 Upsalensis
1470 906 1690 960 prohibitio,
1721 921 1769 946 ne
1792 908 1882 960 quis
1899 908 2120 946 sententias
2149 908 2576 955 excommunicationis,

364 994 412 1035 ab
443 992 740 1044 archiepiscopo
770 983 975 1025 Lundensi
1004 983 1039 1020 in
1070 981 1323 1034 praepositum
1361 982 1401 1017 et
1435 977 1647 1030 capitulum
1676 976 1920 1030 Upsaliense
1949 977 2064 1025 latas,
2094 979 2130 1016 in
2160 977 2428 1030 praejudicium
2458 978 2575 1018 eccle·

365 1066 432 1104 51ae
463 1076 544 1102 suae
573 1059 772 1114 publicare
801 1055 1011 1107 praesumat
1040 1052 1076 1089 in
1106 1050 1305 1103 provincia
1334 1048 1578 1101 Upsaliensi.
1608 1070 1662 1077 -—
1697 1047 1900 1101 Upsalice,
1929 1047 2020 1087 XII.
2052 1048 2203 1087 calend.
2235 1047 2442 1087 Decembr.

750 1127 903 1157 Messen.
929 1122 1052 1154 seond.
1077 1121 1205 1154 illustr.
1232 1122 1326 1152 Tom.
1350 1119 1434 1152 XII.
1459 1130 1491 1162 p.
1516 1119 1574 1150 ⁵78.
1632 1118 1809 1151 Neumann
1834 1117 1926 1151 nist.
1959 1117 2127 1162 primatus
2151 1118 2325 1151 Lundens.
2349 1129 2381 1162 p.
2410 1118 2575 1153 174—75.

750 1186 927 1226 Liljegren
950 1183 1181 1225 Diplomatar.
1208 1184 1351 1214 Svecan.
1377 1181 1420 1213 II.
1446 1191 1501 1213 no.
1530 1180 1629 1213 1024.
1655 1191 1687 1223 p.
1712 1179 1770 1213 98.

133 1266 186 1297 28.
213 1264 337 1296 Nox-br,
623 1247 778 1297 [1432]
839 1245 1046 1290 INfflAERD,
1078 1244 1211 1283 relicta
1242 1243 1388 1282 domini
1417 1242 1605 1288 Barwidi,
1634 1243 1893 1281 scotationem
1917 1240 2109 1280 bonorum
2139 1255 2304 1281 suorum
2333 1242 2369 1281 in
2398 1240 2576 1295 Bethorp

367 1327 404 1363 et
434 1319 686 1371 Hallendorp,
713 1331 734 1356 a
764 1318 880 1355 fratre
910 1329 983 1354 suo
1017 1314 1172 1352 domino
1205 1313 1333 1353 Olavo
1364 1313 1468 1352 dicto
1497 1312 1627 1352 Naesae
1655 1313 1894 1352 monasterio
1917 1312 2150 1352 Esromensi
2180 1313 2335 1359 factam,
2365 1313 2578 1352 confirmat.

362 1414 409 1422 -
441 1389 674 1436 Rosbcildz's,
706 1390 843 1440 quarto
874 1383 1023 1424 calend.
1058 1383 1305 1423 Decembris.

752 1456 938 1498 Langebek
964 1454 1104 1498 Scriptt.
1130 1455 1193 1487 IX.
1289 1478 1298 1487 .
1347 1452 1432 1486 Cod.
1459 1453 1594 1487 Esrom.
1620 1451 1680 1484 fol.
1708 1450 1926 1486 CXXXIXb.

131 1531 182 1562 30.
210 1528 332 1562 Novbr.
617 1518 770 1568 [1433.]
828 1517 972 1556 Literae
1000 1516 1244 1563 JOHANNIS,
1287 1515 1524 1555 Arusiensis
1554 1515 1756 1568 episcopi,
1794 1513 1939 1567 quibus
1970 1513 2161 1560 declarat,
2191 1513 2510 1555 archidiaconum
2540 1521 2578 1555 et

360 1592 570 1646 capitulum
601 1589 778 1629 ecclesiae
807 1588 1042 1627 Arusiensis
1071 1601 1144 1626 nec
1173 1586 1224 1625 ad
1254 1599 1381 1639 equos
1411 1586 1589 1639 episcopi
1619 1583 1888 1638 pabulandos,
1929 1598 2000 1623 nec
2028 1585 2076 1623 ad
2107 1588 2190 1623 tres
2219 1598 2374 1625 marcas
2403 1585 2575 1626 denario·
2621 1619 2625 1632 ,

361 1677 443 1703 rum
474 1659 707 1701 officialibus
738 1659 865 1711 ipsius
896 1657 1130 1708 erogandas,
1160 1656 1296 1696 teneri.
1326 1679 1379 1685 —
1407 1656 1552 1706 Aras„
1580 1656 1618 1694 in
1650 1655 1753 1695 festo
1782 1654 1886 1694 beati
1915 1654 2085 1694 Andreae
2113 1656 2298 1709 apostoli.

752 1728 943 1770 Langebek
967 1727 1106 1772 Scriptt.
1131 1728 1195 1760 VI.
1220 1727 1301 1759 411.

621 1790 779 1840 [1434]
837 1790 1017 1829 Priorum
1057 1790 1357 1842 provincialium
1411 1787 1559 1827 ordinis
1602 1786 1938 1834 Praedicatorum,
1990 1787 2090 1827 inter
2141 1802 2242 1842 quos
2285 1789 2577 1837 “Omvemuffi

363 1876 660 1905 Puolecmms
690 1860 868 1899 DAcx.E”
908 1863 1176 1906 enumeratur,
1221 1859 1272 1899 ad
1303 1858 1522 1898 cardinales
1560 1858 1698 1903 literae,
1744 1856 1892 1910 quibus
1930 1859 2125 1898 novitates
2162 1860 2287 1899 ordini
2326 1861 2581 1901 intrudendas

363 1935 632 1987 deprecantur.
699 1931 921 1982 [Adduntur
950 1930 998 1969 de
1038 1929 1176 1969 eadem
1205 1943 1327 1969 causa
1355 1929 1474 1968 literae
1505 1927 1717 1967 eorundem
1747 1927 1825 1966 XII
1853 1929 2147 1980 provincialium
2171 1931 2220 1969 ad
2243 1935 2368 1971 totum
2393 1931 2578 1979 ordinem,

336 2000 401 2045 'et
430 2003 638 2057 appellatio
668 2002 717 2042 ad
747 2001 884 2040 sedem
913 2000 1192 2054 apostolicam,
1224 2000 1313 2040 data
1343 2000 1432 2038 “die
1463 1998 1619 2038 sabbati
1649 1998 1784 2051 quinto
1816 2003 1982 2038 exeunte
2011 2000 2171 2053 Majo‘'].
2202 2023 2251 2030 —
2281 2002 2503 2043 Ferrarioe.

754 2074 911 2104 Martene
937 2074 970 2104 et
993 2071 1132 2104 Dur-and
1156 2071 1262 2104 Thes.
1288 2080 1364 2103 novt.
1390 2069 1554 2103 Anecdot.
1581 2070 1678 2101 Tom.
1702 2069 1765 2101 IV.
1794 2068 1985 2103 1842-43.
2010 2081 2081 2114 seq.

183 2220 297 2259 1291.
1158 2269 1161 2275 .
1400 2203 1546 2254 1291.

139 2305 194 2336 20.
229 2304 327 2336 Febr.
628 2304 773 2356 [1435]
832 2305 1072 2346 Constitutio
1102 2304 1373 2344 WALnEuAm
1409 2303 1523 2342 ducis
1552 2302 1676 2342 Juciae
1704 2303 1752 2342 de
1776 2302 2054 2356 jurisdictio-ne
2084 2302 2254 2343 civitatis
2284 2304 2579 2344 Sieswicensis.

367 2399 413 2404 —
448 2375 676 2430 Slesnycli,
707 2378 820 2415 tertia
851 2377 945 2416 feria
975 2379 1064 2414 ante
1095 2374 1239 2414 festum
1270 2373 1466 2413 cathedrae
1499 2374 1625 2413 sancti
1655 2373 1776 2412 Petri.

753 2445 944 2478 Michclsen
968 2445 1231 2477 Nordfriesland
1256 2444 1290 2476 in
1315 2444 1518 2476 Mittelalter
1543 2455 1574 2486 p.
1603 2443 1773 2476 183—84.

148 2518 177 2547 23.
204 2516 332 2549 Martii.
625 2507 771 2558 [1436]
830 2508 1021 2546 ANDREAE
1052 2506 1315 2552 THoerLm,
1347 2507 1522 2544 canonici
1552 2505 1794 2552 Lundensis,
1824 2504 2014 2557 diploma,
2046 2517 2123 2556 quo
2153 2504 2265 2557 plura
2295 2505 2397 2545 bona
2428 2519 2502 2545 sua
2531 2505 2581 2544 ad

366 2578 646 2616 institutionem
689 2578 822 2617 altaris
860 2579 896 2616 in
936 2577 1105 2616 ecclesia
1145 2577 1188 2616 S.
1228 2576 1430 2616 Laurentii
1469 2575 1675 2615 Lundensi
1718 2579 1757 2615 et
1798 2574 1848 2614 ad
1886 2574 2194 2614 anniversarium
2224 2589 2342 2615 suum
2372 2575 2581 2615 tenendum

368 2646 482 2698 legat.
512 2670 564 2675 —
593 2648 773 2696 Lundz's,
805 2662 892 2686 non.
923 2647 1055 2686 Martii
1084 2646 1132 2684 V.

757 2716 931 2758 Liljcgren
957 2717 1184 2760 Diplomatar.
1212 2719 1357 2749 Svecan.
1382 2716 1427 2748 11.
1456 2726 1509 2748 no.
1538 2715 1637 2749 1035.
1665 2726 1697 2759 p.
1730 2714 1920 2747 107-108.

134 2782 181 2813 12.
209 2782 346 2823 Aprilis.
631 2778 786 2826 [1437]
843 2779 1145 2824 MAnGAffl-rra,
1189 2792 1288 2817 uxor
1318 2777 1465 2816 Kanuti
1494 2777 1648 2824 Rooth,
1696 2777 1817 2829 legat,
1862 2776 2013 2815 confert
2047 2778 2086 2815 et
2128 2776 2309 2828 assignat
2343 2779 2581 2817 monasterio

375 2848 518 2884 sanctae
546 2845 677 2885 Mariae
716 2848 750 2885 in
781 2847 925 2886 Esrom
965 2849 1091 2887 onmia
1128 2847 1252 2894 bona,
1296 2861 1383 2900 quae
1413 2848 1648 2901 possederat
1677 2848 1713 2886 in
1744 2845 1985 2899 Bosetborp.
2026 2868 2076 2874 --
2120 2847 2265 2886 Actum
2310 2847 2404 2887 feria
2447 2848 2582 2901 quinta

374 2915 547 2967 proxima
576 2919 663 2955 ante
693 2916 921 2955 dominicam
950 2919 1182 2970 palmarum.

765 2986 903 3017 Kicruit'
926 2988 1046 3019 Esrom
1071 2988 1230 3020 Klostcrs
1254 2987 1410 3021 Historie
1436 2999 1467 3031 p.
1492 2986 1640 3021 58—59.
1689 2986 1772 3019 Cod.
1797 2986 1931 3019 Esrom.
1959 2985 2020 3018 fol.
2046 2986 2154 3019 CXL.

147 3059 174 3090 ι.
201 3058 354 3099 Augusti.
638 3044 793 3094 [1438]
849 3046 1027 3088 Nucom
1058 3047 1172 3098 (18‘25)
1212 3063 1322 3101 papfe
1352 3049 1478 3095 bulla,
1520 3042 1598 3101 ‘qua
1629 3048 1745 3100 priori
1773 3048 2000 3099 provinciali
2029 3048 2188 3088 fratrum
2219 3049 2366 3089 ordinis
2395 3049 2582 3090 Praedica-

378 3117 503 3152 torum
533 3115 569 3152 in
598 3113 725 3152 Dania
755 3117 978 3163 committit,
1021 3132 1110 3156 cum
1148 3119 1345 3158 nonnullis
1375 3119 1512 3158 electis
1541 3118 1605 3156 sui
1636 3116 1782 3155 ordinis
1812 3117 2035 3164 circumire,
2080 3122 2118 3157 et
2146 3119 2319 3172 populos
2349 3119 2398 3160 ad
2428 3119 2581 3173 expedi·

377 3185 522 3222 tionem
551 3185 588 3222 in
618 3188 759 3222 terram
793 3189 965 3225 sanctam
1005 3187 1300 3240 suscipiendam
1335 3187 1492 3227 hortari.
1538 3209 1586 3216 —
1631 3187 1759 3239 Apud
1789 3184 1928 3226 urbem
1969 3195 2167 3238 veterem,
2198 3190 2347 3230 calend.
2387 3190 2581 3243 Augusti,

380 3252 517 3306 pontif.
549 3266 647 3292 anno
678 3258 826 3305 quarto.

771 3324 944 3366 Liljegren
970 3326 1195 3369 Diplomatar.
1222 3329 1366 3361 Svecan.
1391 3328 1434 3361 11.
1460 3337 1515 3360 no.
1544 3326 1641 3359 1735.
1669 3337 1700 3369 p.
1725 3326 1897 3360 676—79.
