2649 3686
862 132 1018 182 Koxc
1053 134 1184 183 Eun<
1222 133 1476 185 Gmpprm.
2184 146 2278 196 153

318 300 476 350 [1234]
534 302 754 344 Mmmm
787 318 960 346 onnims
992 306 1349 349 Pn.nn1cmonum
1379 309 1429 348 ad
1466 310 1634 362 priorem
1664 312 1945 364 provincialem
1975 313 2108 353 Daciae
2139 316 2280 364 literae,
2353 321 2465 361 1274.

10 410 12 412 r
56 375 98 412 ut
125 370 285 412 studeat
313 375 354 410 et
382 371 419 410 in
451 372 541 424 ipso
574 372 780 414 online·et
810 377 909 416 inter
939 378 1114 418 ordinem
1145 383 1263 432 atque
1293 380 1408 427 alios,
1438 382 1656 433 praesertim
1689 381 1865 422 ordinem
1894 382 2105 431 Minorum,
2135 400 2271 438 pacem
2310 389 2340 422 6.
2376 391 2498 423 Novbr.

54 446 95 482 et
122 440 372 481 concordiam
403 455 575 481 servare.
605 465 659 470 —
688 444 904 496 Lu-qdnni,
934 447 1040 486 vul.
1071 448 1123 487 id.
1153 448 1365 488 Novembr.
1396 450 1497 498 (sine
1527 454 1658 501 anno).

448 512 624 553 Liljcgren
642 513 730 557 Dipl.
746 519 846 548 ἔνου.
862 518 886 549 1.
910 527 963 550 ηο.
982 518 1062 551 602.
1086 530 1116 562 p.
1137 520 1286 552 500-2.
1309 521 1351 552 ad
1371 530 1447 552 ann.
1465 521 1563 554 1275.
1613 521 1686 554 Cfr.
1703 522 1807 554 Suhm
1821 522 1912 556 nist.
1930 524 2125 558 arnanmk.
2140 527 2184 558 X.
2199 527 2277 559 727.

317 569 474 622 [1235]
533 573 752 615 Gru-monn
786 575 900 626 (Xan)
928 593 1040 632 papae
1070 580 1119 618 ad
1148 582 1317 634 priorem
1348 582 1627 634 provincialem
1658 582 1791 622 Daciae
1821 584 1960 632 mene,
1999 591 2041 625 ut
2070 601 2157 626 cum
2185 588 2277 628 aliis
2307 593 2355 624 13.
2389 595 2510 626 κονίη.

56 643 185 682 clerici
216 642 366 682 ordinis
396 644 496 682 viris
526 645 715 697 populum
747 648 785 685 in
816 647 1040 689 subsidium
1081 654 1190 690 terrae
1227 655 1374 691 sanetae
1412 651 1703 705 expeditionem
1743 656 1952 707 suscipere
1990 663 2277 704 commoveant,

55 711 332 766 praedieatione
362 718 400 752 et
432 713 760 767 indulgentiarum
791 720 1088 770 propositione,
1120 722 1173 760 ita
1204 725 1356 775 tamen,
1385 726 1429 761 ut
1458 723 1494 761 in
1525 722 1600 762 hoc
1631 725 1791 775 negotio
1821 725 1886 764 alii
1916 726 2018 766 alios
2049 741 2124 766 non
2155 729 2275 781 impe-

56 782 173 822 diant.
205 804 254 810 —
283 783 503 838 Lufflhcm',
536 785 671 825 idibus
700 786 962 835 Novembris,
992 791 1130 842 pontis.
1161 804 1262 830 anno
1294 793 1422 831 tertio.

449 854 628 897 Liljegren
653 856 880 900 Diplomatar.
906 863 1046 893 svecan.
1072 862 1099 894 1.
1125 872 1178 893 no.
1204 862 1284 895 581.
1311 873 1342 906 p.
1369 862 1448 895 488.

988 961 1335 1013 1274-1288.
2313 978 2534 1017 1271—88.

315 1052 473 1102 [1236]
531 1053 677 1094 Literae
707 1055 931 1097 Tucaoxls
963 1060 1142 1112 episcopi
1171 1061 1389 1113 Ripensis,
1420 1061 1568 1115 quilius
1597 1067 1730 1102 notum
1757 1063 1872 1111 facit,
1903 1064 2030 1118 quod,
2060 1066 2277 1106 secundum

55 1121 236 1161 mandata
265 1124 373 1175 regis
403 1127 443 1163 et
472 1123 609 1172 ducis,
640 1126 734 1165 “tilii
764 1126 947 1167 Nicholai
976 1128 1096 1168 wind
1127 1135 1166 1169 et
1195 1131 1258 1170 lilii
1289 1132 1482 1185 Stephani
1514 1134 1551 1171 in
1581 1132 1732 1181 Ellem,
1776 1137 1842 1187 qui
1873 1135 2002 1174 adhuc
2031 1135 2150 1175 hodie
2181 1136 2277 1175 infra

57 1204 182 1231 annos
212 1191 469 1233 discretionis
499 1208 593 1234 esse
623 1195 826 1243 videntur,
858 1198 894 1236 in
925 1197 1029 1238 hunc
1058 1200 1217 1239 modum
1248 1216 1379 1240 coram
1409 1202 1526 1241 nobis
1556 1208 1866 1252 consenserunt,
1895 1210 2090 1258 praesente
2119 1210 2159 1245 et
2188 1220 2277 1244 con-

55 1263 253 1301 sentiente
283 1262 465 1303 Lauxum
494 1264 678 1304 Ebbonis
708 1267 806 1314 filio,
851 1268 919 1319 qui
951 1272 1041 1308 tunc
1069 1274 1244 1323 tempore
1275 1275 1380 1310 tutor
1409 1277 1493 1311 erat
1520 1273 1686 1312 tiliorum
1715 1274 1918 1323 Nicholai,
1962 1276 2068 1329 quod
2096 1275 2276 1315 hoeredes

53 1330 235 1372 Nicholai
262 1333 433 1374 Oeholm
463 1339 503 1374 et
531 1335 711 1375 haeredes
742 1337 958 1390 Stephani,
989 1340 1171 1393 quicquid
1200 1344 1284 1380 erat
1311 1342 1437 1393 patris
1467 1356 1601 1382 eorum
1633 1344 1669 1382 in
1699 1343 1827 1384 Ellem
1857 1349 1898 1385 et
1927 1347 1964 1385 in
1995 1346 2277 1392 Patriesholm,

54 1401 104 1442 de
133 1406 266 1444 cetero
297 1404 420 1445 libere
450 1405 622 1445 debeant
651 1406 878 1447 rehabere”.
909 1431 962 1436 —
991 1411 1086 1449 Sine
1116 1424 1229 1449 anno.

448 1477 636 1519 Langebek
662 1477 802 1521 Scriptt.
827 1479 923 1512 VllI.
948 1479 1026 1512 218.
1077 1480 1150 1513 Cfr.
1179 1481 1285 1513 Suhm
1310 1481 1401 1515 Hist.
1427 1482 1466 1514 af
1487 1482 1633 1517 Danmk.
1659 1485 1721 1517 XI.
1747 1484 1803 1517 39.

1089 1581 1234 1631 1:275.
2345 1601 2461 1642 1275,

317 1674 474 1724 [1237]
531 1675 672 1718 Parin
719 1679 900 1732 episcopi
943 1679 1251 1719 Roschildensis
1292 1681 1516 1734 privilegia,
1559 1681 1714 1721 civibus
1756 1682 1806 1722 de
1849 1683 2141 1737 Kiijpmanhasn
2185 1699 2275 1726 con·
2306 1685 2362 1718 29·
2395 1687 2536 1719 Janunr·

55 1757 185 1784 cessa.
214 1767 268 1774 —
293 1731 554 1796 Hiortlzolm‚
586 1752 725 1800 quarto
755 1749 905 1788 calend.
934 1749 1120 1789 Februar.

447 1817 590 1850 Resenii
615 1819 808 1863 Descriptio
835 1819 987 1853 Samsoae
1012 1832 1043 1864 p.
1067 1820 1217 1853 36—37.

316 1878 470 1927 [1238]
528 1879 665 1921 Pn'rm
694 1882 874 1934 episcopi
904 1882 1186 1921 Roskildensis
1216 1886 1526 1936 transsumptum
1557 1887 1598 1923 et
1625 1885 1868 1924 confirmatio
1893 1887 1998 1938 juris
2023 1886 2272 1939 municipalis
2309 1890 2364 1923 20.
2400 1891 2499 1924 Febr.

56 1946 289 1988 Hasniensis
317 1963 420 1989 anno
453 1950 580 1998 1254,
611 1953 727 1991 tertio
758 1951 848 1990 idus
876 1952 1031 1999 Martii,
1073 1965 1095 1991 a
1123 1951 1275 1992 Jacoho
1304 1951 1486 1999 Erlandi,
1530 1955 1722 2007 episcopo
1751 1947 2034 2002 Roskildensi,
2077 1956 2187 1995 editi.
2226 1979 2274 1986 —

53 2017 396 2073 *Kibbmanlraffm
428 2020 583 2060 decimo
614 2021 766 2061 calend.
796 2022 941 2061 Martii.

449 2091 590 2125 Resenii
614 2092 806 2135 Descriptio
832 2095 986 2125 Samsoae
1010 2103 1042 2135 p.
1066 2091 1215 2124 29—35.
1264 2091 1498 2135 Pontoppidan
1523 2093 1642 2136 Origg,
1668 2095 1770 2127 Hafn.
1797 2106 1827 2138 p.
1852 2094 2001 2128 49—53.

317 2152 475 2202 [1239]
532 2154 724 2193 Annuus:
755 2154 1012 2194 Parncnson
1041 2153 1244 2192 wamma
1274 2154 1516 2194 confirmatio
1546 2155 1998 2199 donationisbonorum
2035 2158 2072 2196 in
2102 2157 2272 2198 Paether-
2297 2160 2352 2194 28.
2384 2160 2525 2204 Aprilis.

55 2223 166 2273 storp
206 2224 246 2260 et
275 2212 530 2276 Opesthorp,
560 2226 803 2264 monasterio
833 2224 1064 2264 Esromensi
1094 2238 1117 2262 a
1146 2223 1305 2263 domina
1335 2223 1480 2263 Cecilia
1509 2225 1587 2264 filia
1615 2226 1718 2265 Joon
1753 2225 2029 2278 Regmothson
2066 2228 2190 2268 factae.
2221 2252 2271 2258 —

55 2289 433 2343 Hildesrutlzlzolm,
463 2293 549 2333 llll.
581 2294 732 2357 calen‘d.
761 2295 874 2348 Maji.

448 2365 638 2406 Langebek
663 2365 802 2408 Scriptt.
831 2366 894 2398 IX.
944 2387 952 2396 .
980 2364 1062 2397 Cod.
1086 2364 1221 2396 Esrom.
1248 2364 1309 2396 fol.
1336 2361 1506 2397 xcvllb.

318 2425 476 2475 [1240]
534 2426 662 2466 Enlcl
692 2427 894 2466 Danorum
925 2426 1212 2477 Slavorumque
1249 2427 1356 2478 regis
1395 2425 1591 2478 diploma,
1634 2439 1712 2479 quo
1749 2425 2002 2467 donationem
2040 2428 2274 2480 Strangonis
2310 2431 2362 2464 ll·
2387 2432 2512 2464 Novbr·

54 2493 321 2551 Andraessun,
353 2497 418 2548 qui
447 2495 552 2535 hona
576 2510 651 2536 sua
681 2498 719 2536 in
748 2496 1000 2549 Norraethorp
1030 2497 1068 2534 in
1099 2495 1385 2534 Slauliishaeret
1412 2495 1532 2548 priori
1561 2509 1607 2534 ac
1637 2495 1770 2535 domui
1799 2496 1838 2535 b.
1867 2496 2059 2538 Johannis
2089 2498 2271 2552 baptistae

53 2565 91 2603 in
120 2565 454 2619 Andwordskogh
484 2571 730 2613 scotaverat,
759 2568 973 2606 confirmat.
1003 2587 1052 2592 —
1083 2564 1347 2619 Laqaelzolm‚
1377 2564 1441 2604 die
1470 2563 1509 2604 b.
1539 2564 1710 2604 Martini.

452 2636 541 2669 Dan.
568 2637 729 2670 Biblioth.
754 2637 815 2669 111.
844 2635 1011 2668 162-63.

317 2697 475 2747 [1241ι]
532 2698 722 2752 Epitome
758 2698 955 2738 literarum
995 2696 1045 2735 de
1080 2696 1336 2749 placitatione
1374 2696 1475 2734 inter
1502 2693 1675 2734 Emeum
1706 2696 1907 2738 Danorum
1944 2703 2020 2739 ete.
2057 2714 2187 2751 regem
2225 2715 2271 2739 ex

57 2755 157 2813 una,
200 2770 241 2806 et
267 2766 468 2808 Mannum
499 2767 641 2808 ducem
671 2769 856 2814 Sweeiae,
901 2767 1138 2818 fratremque
1175 2767 1265 2818 ejus
1294 2764 1542 2804 domicellum
1571 2763 1743 2806 Emeum
1782 2781 1829 2806 ex
1859 2769 1980 2808 altera
2015 2774 2125 2823 parte
2156 2770 2272 2817 sacta,

57 2847 136 2888 qua
163 2850 231 2876 rex
260 2836 486 2876 subsidium
517 2837 548 2878 C
577 2843 814 2877 armatorum
845 2851 933 2876 cum
963 2839 1152 2889 apparatu
1179 2834 1322 2874 bellico
1350 2835 1401 2873 iis
1429 2835 1643 2886 promittit,
1681 2836 1758 2875 illis
1787 2842 1923 2878 contra
1950 2840 2272 2892 promittentibus

57 2903 164 2945 6000
185 2919 403 2946 marcarum
430 2909 580 2960 argenti
602 2909 688 2960 puri
713 2912 753 2947 et
774 2921 893 2947 unum
920 2910 1092 2946 castrum
1116 2919 1186 2957 pro
1202 2905 1376 2956 pignore,
1407 2904 1513 2956 quod
1536 2905 1623 2957 ipse
1648 2919 1715 2945 rex
1745 2907 1889 2960 eligere
1917 2909 2048 2957 vellet,
2077 2910 2127 2948 ad
2156 2912 2273 2963 cujus

17 2975 21 2979 ’
57 2977 388 3017 sustentationem
419 2981 459 3017 et
487 2979 831 3017 conservationem
861 2977 990 3017 adhuc
1021 2974 1123 3014 1000
1152 2986 1306 3012 mareas
1334 2975 1534 3013 annuatim
1558 2976 1803 3027 promittunt.
1834 2999 1883 3007 —
1916 2978 2196 3033 Sunderbory.

450 3047 546 3080 Erici
571 3046 649 3080 Oiai
675 3048 767 3080 Hist.
793 3050 979 3080 Sveeorum
1001 3045 1099 3078 Libr.
1126 3044 1185 3077 111.
1210 3054 1242 3086 p.
1274 3042 1349 3075 124.
1405 3041 1583 3085 LiIJeg-ren
1607 3044 1696 3088 Dipl.
1721 3048 1860 3080 Svecan.
1887 3048 1916 3081 1.
1940 3059 1996 3082 no.
2020 3050 2100 3082 585.
2135 3061 2166 3093 p.
2192 3051 2273 3086 489.

322 3108 479 3158 [1242]
537 3110 590 3149 A.
606 3110 749 3162 prioris
758 3108 1063 3147 Praedicatorum
1079 3105 1288 3158 provinciae
1300 3104 1432 3144 Daciae
1447 3104 1498 3143 ad
1514 3107 1683 3157 priorem
1700 3111 1740 3146 et
1753 3107 1894 3149 fratres
1910 3115 2127 3151 conventus
2144 3112 2273 3164 Sigtu-

58 3177 195 3216 nensis
210 3176 344 3225 literae,
369 3192 459 3218 cum
476 3178 622 3231 quibus
638 3180 674 3218 ei
693 3179 974 3230 transscriptas
989 3178 1123 3216 literas
1138 3175 1318 3226 magistri
1334 3173 1482 3213 ordinis
1497 3173 1802 3217 Praedicatorum
1819 3178 1914 3227 (vid.
1928 3194 2046 3234 supra
2063 3195 2126 3220 no.
2140 3181 2271 3233 1234.)

58 3246 187 3293 mittit,
197 3247 342 3301 iisque,
353 3252 407 3295 ut,
418 3261 503 3302 quae
514 3248 657 3287 iisdem
667 3248 795 3287 literis
806 3248 1064 3292 eontinentur,
1075 3248 1211 3284 exacte
1222 3243 1444 3289 observent,
1455 3244 1635 3297 injungit.
1648 3267 1695 3274 —
1708 3245 1793 3286 Ser.
1804 3249 1840 3286 in
1850 3250 2020 3302 capitulo
2029 3252 2270 3304 provinciali.

448 3317 628 3360 LiIJegren
652 3317 876 3361 Diplomatar.
903 3320 1047 3349 Svecan.
1073 3316 1099 3347 1.
1124 3325 1178 3347 no.
1202 3314 1282 3347 603.
1308 3324 1340 3356 p.
1365 3313 1513 3346 502-3.
1800 3325 1806 3329 ·

126 3377 256 3414 aegest.
277 3380 353 3409 Dan.
374 3380 397 3409 1.
1959 3383 2010 3423 ‘20
