2649 3686
347 131 473 193 16οΧ
1126 130 1279 179 Koxe
1316 125 1447 173 Ean<
1482 120 1736 171 Gmpmm.

354 203 2558 237 *ἐᾷ-ἐμῇ

157 315 275 356 1280.
345 315 452 355 muni
496 311 826 352 Theutonicorum
869 306 1041 347 civitatis
1082 297 1368 352 VVishycensis
1411 293 1559 332 editum
1602 292 1692 341 estJ.
1733 312 1782 318 —-
1828 288 2021 343 (le'sby)
2067 286 2272 327 sabbatho
2315 300 2426 339 prox.
2470 292 2560 327 ante

119 388 152 418 ⁷·
187 384 320 427 septbr·
352 385 501 425 nativit.
530 382 676 421 Mariae.

735 446 909 482 Sartorius
944 443 1068 477 Gesch.
1104 441 1134 473 d.
1160 440 1277 471 Hanse
1310 435 1360 467 ed.
1393 431 1631 476 Lappenberg.
1661 429 1706 462 11.
1730 437 1786 461 no,
1818 429 1913 461 XLI.
1938 439 1971 471 p.
2004 427 2083 460 116.
2138 426 2317 469 Liljegren
2340 425 2558 469 Diplomatar.

737 513 877 542 Svecan.
904 507 948 539 11.
974 516 1028 538 no.
1058 503 1155 535 1718.
1181 512 1211 543 p.
1236 496 1408 531 656—57.

110 579 165 611 22·
192 578 323 621 septbr·
611 572 766 621 [1291]
823 570 966 608 Literae
1004 563 1260 614 mom-nom)
1297 561 1337 596 et
1366 554 1602 603 T(uchonis)
1640 552 1920 605 episcoporum
1951 551 2149 604 Ripensis
2186 554 2227 589 et
2256 549 2559 599 sleswicensis,

348 645 500 685 JAcom
531 643 729 696 praepositi
767 641 804 678 in
836 634 1125 689 Barugsyssel,
1169 631 1298 670 Pss'rm
1341 626 1580 669 JONESSEN,
1622 621 1838 676 JOHANMS
1881 621 2068 660 Jomssmv
2112 625 2153 660 et
2193 620 2408 660 JOHANMS
2449 632 2561 661 mem

350 715 524 754 Gamm-
555 713 604 751 ad
632 711 792 750 Ericum
823 722 951 759 regem
980 706 1198 747 Danorum,
1244 696 1348 751 quod
1386 694 1510 734 abbas
1539 692 1641 731 Loci
1680 690 1758 730 Dei
1796 695 1975 744 quartam
2004 695 2156 744 partem
2186 692 2305 729 unius
2338 690 2484 741 Ottz'ny
2525 692 2568 728 ἱη

348 783 528 824 Drowidt
556 796 577 821 a
608 780 775 833 quodam
803 776 956 818 Marthe
986 774 1091 813 dicto
1120 770 1272 814 Littlae,
1314 767 1431 819 pleno
1469 757 1601 803 soluto
1636 762 1788 814 pretio,
1832 762 1909 801 sihi
1948 764 2238 813 comparasset.
2283 782 2331 788 —
2379 759 2421 798 In
2460 759 2562 799 sesto

349 853 451 892 beati
481 852 665 891 Mauritii.

736 915 921 957 Langebek
947 912 1086 954 Scriptt.
1112 909 1208 942 VIII.
1234 907 1290 940 39.

112 985 167 1018 29.
194 984 324 1027 Septbr.
612 978 765 1028 [1292]
823 977 1099 1014 XVALnr-mluu
1132 971 1245 1009 ducis
1281 966 1396 1007 Jutiae
1431 967 1553 1006 literae
1593 965 1862 1019 protectoriae,
1906 963 2006 1003 datae
2042 963 2198 1003 civilius
2227 964 2263 1002 in
2295 962 2565 1015 Svinebmgh,

350 1051 492 1105 quibus
530 1049 646 1089 simul
678 1060 814 1087 omnes
845 1045 1069 1089 libertates,
1116 1041 1226 1092 leges
1267 1042 1307 1078 et
1338 1039 1430 1090 jura
1469 1036 1693 1082 confirmat,
1737 1038 1850 1088 “quae
1889 1035 2135 1086 temporibus
2171 1035 2464 1087 progenitorum
2500 1047 2564 1071 no-

348 1126 536 1165 strorum,
567 1118 753 1157 videlicet
778 1116 1020 1153 dominorum
1049 1110 1291 1150 waldemari
1325 1108 1521 1162 quondam
1552 1107 1661 1158 regis
1689 1106 1913 1152 Danorum,
1942 1103 2051 1143 Erici
2081 1104 2194 1143 clarae
2223 1104 2422 1143 memoriae
2453 1102 2566 1141 ducis

347 1190 483 1235 Jutiae,
533 1189 657 1240 patris
699 1185 823 1224 nostri
866 1182 1093 1236 perdilecti,
1146 1193 1192 1219 ac
1236 1177 1434 1217 domicelli
1474 1177 1618 1216 Abelis
1661 1175 1788 1215 nostri
1830 1176 1961 1228 patrui
2003 1174 2169 1214 liberius
2212 1174 2472 1214 hahuerunt”.
2515 1195 2566 1201 —

353 1257 594 1302 Tranekier,
624 1257 660 1295 in
692 1255 754 1293 die
783 1254 887 1293 beati
917 1251 1125 1291 Michaelis
1155 1249 1390 1301 archangeli.

734 1323 956 1366 Aktstykker
981 1325 1043 1354 etc.
1069 1321 1148 1362 udg.
1176 1320 1217 1352 af
1238 1321 1353 1363 Fyens
1378 1318 1431 1351 lit.
1457 1318 1574 1351 Selsk.
1599 1328 1633 1360 p.
1658 1316 1808 1349 86—87.
1829 1334 1875 1340 —
1899 1315 1982 1348 Vid.
2006 1314 2102 1347 infra
2125 1325 2180 1347 no.
2209 1314 2309 1347 1387.
2558 1358 2561 1360 ‚

604 1386 757 1435 [1293]
817 1384 1037 1424 Tancoms
1084 1382 1261 1436 episcopi
1308 1381 1501 1433 Ripensis
1543 1379 1707 1418 Vidisse
1751 1378 1865 1418 bullae
1909 1377 2126 1416 Clementis
2168 1374 2251 1415 ΙΥῑῖ
2293 1389 2426 1429 papae,
2469 1375 2567 1415 datae

343 1458 519 1504 Perusii,
556 1456 646 1496 XII.
677 1455 827 1495 calend.
857 1455 1048 1506 Augusti,
1091 1452 1231 1506 pontif.
1262 1465 1363 1491 anno
1401 1452 1527 1504 primo
1566 1449 1821 1498 (continentis
1858 1447 2060 1501 privilegia
2101 1446 2296 1499 generalia
2334 1446 2458 1485 ordini
2495 1446 2567 1485 sra-

345 1533 443 1567 trum
473 1527 668 1566 Minorum
698 1528 922 1573 concessa).

733 1594 967 1638 Pontoppidan
991 1593 1129 1628 Annall.
1155 1592 1276 1626 eccles.
1301 1593 1392 1625 Dan.
1417 1592 1445 1624 Ι.
1471 1591 1644 1624 507-17.

158 1718 273 1758 1231.
1382 1691 1529 1742 1281.

136 1804 167 1835 3.
204 1802 296 1841 Maii.
512 1806 519 1811 ·
606 1795 760 1844 [1294]
817 1793 959 1833 Literae
989 1792 1175 1832 INGVARI
1214 1791 1329 1831 electi
1365 1790 1695 1837 Roschildensis,
1739 1788 1883 1842 quibus
1921 1788 2114 1827 advocato
2152 1800 2226 1827 suo
2263 1791 2303 1826 et
2339 1785 2570 1827 consulibus

347 1868 383 1906 in
414 1865 705 1918 Klipmanhaffn
734 1865 889 1918 plenam
920 1863 1071 1903 confert
1101 1866 1341 1916 potestatem
1373 1860 1593 1908 ordinandi,
1624 1859 1791 1899 faciendi
1822 1863 1862 1898 et
1891 1858 2089 1898 statuendi
2121 1859 2270 1905 omnia,
2301 1871 2386 1910 quae
2415 1856 2570 1895 utilitati

350 1944 388 1977 et
430 1937 566 1975 honori
610 1936 686 1974 loci
725 1939 764 1975 et
800 1934 1012 1973 incolarum
1056 1933 1224 1972 viderint
1260 1931 1468 1984 expedire,
1508 1945 1555 1970 ac
1595 1930 1769 1984 pondera
1812 1943 1942 1968 rerum
1982 1929 2178 1968 venalium
2212 1924 2490 1967 'constituendi
2533 1929 2572 1964 et

347 2008 483 2047 eadem
514 2005 669 2056 taxandi
699 2010 740 2045 et
767 2005 935 2044 maxime
964 1994 1191 2043 mensuram
1222 2001 1427 2041 Trafnisiae
1457 2002 1541 2041 sive
1571 2002 1771 2041 cerevisiae
1802 1999 2111 2039 Theotunicalis.
2143 2021 2190 2027 —-
2222 1999 2408 2050 Hafnise,
2439 1997 2476 2035 in
2507 1996 2570 2035 die

348 2078 584 2117 inventionis
613 2080 758 2116 sanctae
791 2076 930 2114 crucis.

736 2145 969 2189 Pontoppidan
995 2143 1117 2187 Origg.
1139 2143 1242 2176 Hafn.
1268 2154 1300 2187 p.
1324 2141 1475 2176 59—60.

167 2260 271 2300 1282
1153 2271 1156 2276 ·
1258 2244 1391 2293 1282
1425 2244 1500 2292 vel
1536 2252 1656 2291 ante.

141 2330 190 2363 νει
217 2334 305 2363 ame·
609 2344 764 2392 [1295]
823 2343 1033 2383 Sua-um
1061 2354 1280 2382 CHORALIA
1304 2342 1483 2382 ecclesiae
1510 2341 1749 2381 cathedralis
1771 2340 1976 2393 Ripensis,
2001 2339 2189 2379 rationem
2213 2336 2391 2384 canendi,
2419 2334 2572 2388 legendi

351 2427 474 2467 seque
504 2413 687 2453 decenter
717 2413 910 2453 vestiendi
941 2412 1144 2451 canonicis
1174 2416 1215 2451 et
1243 2414 1400 2453 vicariis
1432 2411 1740 2465 praescribentia.
1769 2433 1823 2439 —
1853 2410 1947 2449 Sine
1977 2423 2091 2449 anno.

743 2485 916 2527 Terpager
940 2486 1035 2528 Ripae
1062 2485 1191 2518 Cimbr.
1217 2496 1250 2527 p.
1280 2482 1449 2516 168-69.

611 2545 766 2594 [1296]
824 2546 951 2586 Emer
981 2548 1183 2587 Danorum
1213 2547 1318 2598 regis
1349 2544 1603 2591 constitutio,
1633 2557 1708 2597 qua
1736 2543 1907 2596 quinque
1936 2541 2030 2579 viris
2055 2538 2119 2584 (N.
2140 2539 2328 2591 praefecto
2353 2538 2573 2584 Lundensi,

353 2615 402 2653 N.
432 2615 508 2653 filio
537 2614 730 2666 Tyconis,
761 2616 803 2654 S.
834 2616 910 2655 filio
941 2617 1147 2664 Andr-eres
1169 2617 1244 2656 Jon
1275 2615 1390 2654 Litlae
1421 2619 1461 2654 et
1488 2614 1658 2654 Johanni
1696 2613 1774 2652 filio
1810 2610 2036 2660 Michaelis)
2075 2610 2289 2649 auctoritas
2328 2609 2572 2653 conceditur,

356 2685 628 2723 dissensiones
648 2685 879 2733 vbondonum
911 2687 947 2725 in
977 2687 1219 2732 Bar-ehereth
1251 2688 1356 2738 regis
1386 2686 1543 2724 nomine
1573 2695 1832 2736 componere3
1863 2685 1903 2720 et
1929 2681 2119 2733 'praeterea
2137 2680 2230 2732 jura
2256 2680 2415 2732 antiqua
2438 2691 2575 2718 eorun-

359 2753 446 2792 dem
476 2755 767 2801 confirmantur,
797 2760 837 2794 et
864 2757 1044 2796 mandata
1074 2758 1353 2810 privilegiaque
1383 2755 1591 2793 adduntur.
1622 2775 1672 2781 --
1704 2752 1800 2791 Sine
1829 2765 1944 2791 anno.

747 2826 883 2857 Ancher
907 2826 1130 2861 Lovhistorie
1154 2828 1199 2860 Π.
1224 2838 1256 2870 p.
1282 2825 1454 2859 540—41.
1503 2824 1684 2866 LiIJegren
1709 2821 1933 2865 Diplomatar.
1955 2821 2095 2853 Svecan.
2119 2819 2146 2851 I.
2170 2829 2225 2852 no.
2241 2819 2320 2854 841.
2344 2830 2376 2863 p.
2401 2816 2574 2852 695-96.

176 2943 291 2982 les-2.
1388 2924 1535 2975 1282.

152 3027 315 3058 9.1=‘ehr.
622 3019 776 3070 [1297]
831 3020 994 3068 Literae‚
1037 3022 1180 3075 quihus
1222 3023 1328 3064 Esm
1368 3023 1542 3062 MARcH.
1586 3021 1775 3066 clericus,
1817 3017 2068 3057 Nmnomms
2109 3015 2409 3063 INGiMAERSUN,
2459 3016 2576 3055 frater

369 3088 516 3138 ipsius,
545 3087 688 3134 laicus,
718 3093 756 3127 et
785 3089 955 3129 Prrrnus
984 3091 1144 3140 Boxm,
1188 3107 1305 3145 gener
1336 3093 1571 3138 eorundem,
1614 3094 1752 3129 notum
1789 3087 1958 3134 faciunt,
2001 3101 2047 3125 se
2084 3086 2189 3126 bona
2225 3086 2401 3140 quaedam
2431 3086 2468 3124 in
2499 3084 2576 3124 Gu-

368 3156 537 3206 thingsio
567 3156 683 3195 lithlae
713 3159 908 3209 priorissa}
940 3165 978 3198 et
1007 3162 1208 3201 sororibus
1239 3164 1344 3216 apud
1380 3177 1413 3202 s·
1443 3163 1639 3214 Agnetem
1669 3157 1877 3198 Roskildis
1914 3156 2156 3197 vendidisse.
2196 3179 2243 3185 —
2289 3155 2501 3197 Roslcildis
2536 3156 2576 3194 in

364 3228 549 3277 pretorio
576 3228 839 3278 provinciali,
871 3228 917 3267 ll.
948 3230 1041 3269 feria
1070 3232 1245 3283 proxima
1274 3237 1369 3285 post
1398 3231 1582 3271 dominic.
1613 3229 1960 3281 quinquagesima*-

759 3296 862 3329 Suhm
887 3298 977 3332 nist.
1004 3300 1043 3333 af
1064 3302 1210 3334 Danmk.
1237 3303 1281 3334 X.
1312 3302 1410 3335 1014.
