2649 3686
330 169 426 219 196
1141 162 1294 210 Koxe
1327 157 1457 205 ΕΒΗ(
1490 156 1728 203 Mssxvssn.

336 240 2531 264 μ

145 340 265 380 1304.
594 341 748 389 [1004]
804 339 908 379 Unio
938 340 977 375 et
1005 330 1292 375 confoederatio
1322 329 1422 366 inter
1448 327 1701 378 magistrum,
1730 324 2040 371 marschalcum,
2077 323 2440 371 commendatores,
2468 325 2533 364 ad·

112 410 166 443 25.
193 409 296 443 Febr.
333 417 496 453 vocatos
534 416 574 452 et
610 413 749 451 fratres
778 406 1158 457 Hierosolpnitanos
1192 413 1262 453 per
1296 397 1536 449 Lyvoniam‚
1579 396 1796 447 episcopos
1826 393 2110 433 Tarbatensem
2146 397 2186 432 et
2215 392 2457 434 Osiliensem
2496 400 2535 434 et

334 484 508 523 vasallos
536 483 643 534 regis
674 481 807 519 Daniae
837 479 872 516 in
902 475 1087 519 Estonia,
1117 474 1249 509 contra
1277 479 1470 520 paganos.
1500 488 1549 493 —
1580 465 1657 503 Die
1685 463 1861 503 Matthiae
1891 464 2077 516 apostoli.

720 547 890 580 Vidensk.
916 543 1081 577 Selskabs
1107 539 1279 578 siu-ister,
1306 538 1368 569 lv,
1393 534 1589 567 205—208.

109 624 160 658 12.
185 624 312 657 Martii.
596 610 749 659 [1605]
807 608 1021 651 Gammae,
1071 602 1196 641 viduae
1238 597 1432 637 Johannis
1474 596 1596 641 Kalf,
1648 596 1845 648 qnondam
1888 595 2122 634 marschalci
2163 596 2271 647 regis
2315 594 2535 642 Danorum,

335 686 632 726 testamentum,
665 693 740 732 quo
770 677 888 716 multa
917 674 1017 712 bona
1049 673 1086 710 in
1116 668 1335 709 subsidium
1365 671 1475 705 terrae
1506 670 1676 713 sanctae,
1707 670 1747 705 et
1774 665 1953 718 pluribus
1982 666 2186 713 ecclesiis,
2217 665 2469 704 monasteriis
2497 670 2536 705 et

334 751 595 806 hospitalibus
625 749 760 788 Daniae
790 747 905 796 legat.
930 765 983 770 —-
1011 742 1086 780 Die
1116 739 1297 789 Gregorii
1326 750 1452 789 papae.

718 816 892 857 Liljegren
914 812 1133 854 Diplomatar.
1160 811 1297 840 svecan.
1323 808 1366 839 ΙΙ.
1393 817 1448 840 no.
1477 806 1575 839 1421.
1601 818 1632 850 p.
1657 805 1828 838 409—10.

108 894 158 927 13.
184 891 309 926 Martii.
593 878 747 928 [1606]
805 872 1041 914 constitutio
1071 869 1193 908 Erum
1225 870 1331 919 regis
1354 868 1593 921 Norjwciam
1620 867 1932 907 inhabitantibus
1955 868 2096 906 missa.
2121 888 2173 896 —
2196 865 2411 921 Nyborqlz,
2441 865 2537 906 feria

331 953 499 1005 septima
526 950 699 1003 proxima
727 951 815 986 ante
845 943 1077 982 dominicam
1105 939 1311 992 passionis
1340 938 1499 977 domini.

715 1015 850 1048 Ancher
875 1009 1091 1044 Lux-historie
1116 1010 1143 1040 I.
1172 1008 1343 1041 534-39.

99 1094 150 1126 17,
182 1092 310 1126 Martii,
591 1077 744 1127 [1607]
801 1075 1064 1113 Bssxnmcrus
1105 1070 1266 1120 (leus)
1305 1084 1409 1123 papa
1439 1070 1567 1109 Olavo
1598 1070 1787 1123 episcopo
1816 1068 2080 1108 Roskildensi
2109 1068 2335 1108 facultatem
2365 1068 2536 1108 testandi

328 1151 518 1192 concedit.
550 1171 597 1177 -
628 1147 854 1192 Laterani,
883 1142 992 1181 XVI.
1024 1140 1173 1180 calend.
1202 1141 1380 1193 Aprilis,
1410 1141 1663 1194 pontificatus
1693 1154 1794 1179 anno
1823 1141 1965 1193 primo.

712 1215 851 1248 Danske
874 1211 1036 1253 Magazin
1059 1212 1121 1244 IV.
1148 1222 1179 1254 p.
1205 1211 1378 1243 227—28.

98 1289 125 1320 1.
152 1287 291 1331 Aprilis,
581 1278 724 1330 [1608]
781 1276 925 1315 Literae
953 1274 1147 1312 Axoume
1177 1273 1419 1319 Srrcnsiim,
1464 1271 1610 1325 quibus
1641 1285 1780 1310 omnes
1808 1272 2099 1324 possessiones
2129 1271 2406 1310 canonicorum
2435 1270 2533 1310 Aru—

323 1353 513 1391 siensium
558 1351 594 1388 in
639 1343 1018 1387 Skramsholmmark
1060 1342 1206 1382 liberas
1249 1343 1298 1382 ab
1342 1343 1586 1396 impetitione
1636 1355 1711 1381 sua
1753 1343 1928 1381 restituit
1976 1345 2016 1381 et
2065 1342 2254 1393 resignat.
2297 1362 2350 1369 —-
2401 1340 2534 1390 Arm,

323 1426 457 1474 quarta
487 1420 580 1459 feria
608 1417 779 1472 paschae.

708 1485 897 1527 Langebek
922 1484 1060 1527 Scriptt.
1085 1485 1148 1517 VI.
1174 1483 1253 1516 417.

80 1555 133 1587 29.
159 1554 298 1598 Aprilis.
583 1549 737 1598 [1009]
794 1547 912 1586 Emer
942 1547 1048 1598 regis
1077 1546 1215 1590 lIterae,
1247 1544 1390 1598 quibus
1420 1543 1603 1583 abbatem
1633 1548 1672 1583 et
1701 1547 1935 1583 conventum
1967 1544 2005 1582 in
2030 1543 2217 1582 Doberan
2241 1542 2316 1582 sub
2347 1556 2420 1582 sua
2448 1557 2535 1596 pro·

321 1623 490 1661 tectione
520 1621 689 1672 suscipit
719 1622 758 1658 et
787 1621 952 1656 “omnes
983 1616 1154 1668 gratias,
1177 1617 1269 1668 jura
1301 1619 1338 1653 et
1367 1614 1592 1661 libertates,
1623 1615 1727 1667 ipsis
1756 1628 1777 1653 a
1808 1613 1981 1652 dominis
2009 1612 2237 1660 Burewino,
2265 1613 2534 1660 W'oldemaro,

320 1692 503 1740 Nicolalo,
547 1691 768 1742 ceterisque
806 1685 1180 1741 prcedecessorz'bus
1221 1687 1375 1725 nostris
1418 1687 1458 1724 in
1503 1685 1683 1724 dominio
1721 1685 1997 1724 Rosroccensz'
2031 1683 2223 1722 dimissas
2263 1688 2303 1723 et
2338 1683 2535 1722 indultas''

321 1762 530 1801 confirmat.
562 1782 609 1789 -
639 1760 841 1806 Rozstoc,
871 1757 967 1796 seria
998 1759 1135 1809 quarta
1164 1756 1340 1808 proxima
1372 1759 1463 1794 ante
1494 1755 1596 1794 diem
1626 1754 1776 1793 beator.
1806 1753 2023 1806 apostolor.
2052 1753 2228 1807 Philippi
2258 1757 2299 1793 et
2327 1753 2481 1793 Jacobi.

709 1827 941 1870 Westphalen
965 1829 1118 1859 Monum.
1144 1825 1233 1858 ined.
1257 1826 1319 1858 111.
1349 1825 1539 1858 1574—75.

121 1895 149 1928 l.
175 1896 269 1936 Maj1.
581 1890 724 1943 [1610.]
781 1888 908 1928 Erum
949 1889 1055 1940 regis
1098 1887 1239 1933 literae,
1292 1886 1437 1939 quibus
1480 1890 1614 1925 notum
1659 1886 1771 1933 facit,
1824 1899 1869 1925 se
1912 1885 2179 1941 “adhibuisse
2221 1885 2535 1926 benevolentiam

321 1967 493 2002 nostram
523 1966 563 2001 et
586 1973 843 2008 consensum,
888 1958 994 2011 quod
1030 1958 1178 1996 domini
1215 1957 1340 1996 abbas
1377 1961 1418 1996 et
1455 1960 1676 1996 conventus
1713 1958 1749 1994 in
1788 1956 1973 1995 Doberan
2013 1957 2252 1996 solutionem
2295 1958 2534 2008 precariam,

321 2047 435 2087 quam
466 2033 621 2071 domino
650 2029 838 2082 Matthyae
867 2028 916 2068 de
945 2029 1147 2068 Axecowe
1176 2028 1213 2067 in
1243 2028 1350 2067 villis
1380 2029 1577 2080 ipsorum,
1607 2026 1794 2066 videlicet
1823 2025 2066 2074 Stobelowe,
2095 2025 2343 2078 Parckentyn
2374 2031 2414 2066 et
2439 2026 2534 2066 Ber·

321 2102 676 2153 trammeshagllen,
706 2114 776 2152 pro
806 2101 994 2138 trecentis
1020 2099 1163 2138 marcis
1193 2098 1439 2138 denariorum
1471 2097 1727 2136 Slavicalium
1759 2097 2054 2143 dimiseramus,
2084 2096 2132 2135 ab
2163 2096 2302 2135 eodem
2333 2111 2404 2150 pro
2428 2101 2536 2136 tanta

320 2186 470 2212 summa
500 2173 709 2217 redimant,
740 2174 779 2209 et
806 2184 876 2222 pro
907 2170 992 2208 suis
1020 2168 1163 2207 usibus
1191 2168 1313 2207 libere
1343 2167 1516 2207 habeant
1545 2167 1847 2220 disponendam,
1877 2166 2002 2206 donec
2033 2180 2106 2204 nos
2130 2167 2294 2205 eandem
2318 2167 2535 2218 precariam

318 2242 367 2282 ab
397 2244 498 2295 ipsis
525 2257 594 2295 pro
625 2243 836 2280 memorata
873 2252 1029 2278 summa
1057 2239 1232 2292 pecuniae
1271 2238 1500 2278 duxerimus
1535 2237 1840 2278 redimendans’.
1880 2259 1929 2264 —
1969 2236 2182 2276 Mernome
2219 2236 2533 2287 (Warnomd),

318 2312 381 2352 die
409 2312 556 2352 beator.
586 2311 799 2365 apostolor.
829 2309 1004 2362 Philippi
1034 2314 1074 2348 et
1101 2308 1255 2348 Jacobi.

617 2380 847 2423 Westphalen
871 2382 1022 2412 Menum.
1048 2379 1136 2412 ined.
1162 2380 1224 2412 111.
1252 2379 1351 2412 1575.
1401 2379 1476 2412 cfr.
1501 2378 1610 2412 Suhm
1633 2378 1726 2411 Hist.
1751 2378 1790 2411 af
1810 2378 1957 2410 Danmk.
1981 2377 2045 2408 Xl.
2070 2376 2150 2409 462.

111 2450 142 2482 2.
174 2450 272 2491 MajI.
578 2443 732 2491 [1611]
789 2441 944 2481 Emcrs
988 2442 1190 2480 Danorum
1234 2441 1545 2493 Sclavorumque
1588 2455 1655 2479 rex
1698 2440 1963 2479 venditionem
2007 2438 2106 2476 villae
2152 2438 2311 2489 integrae
2354 2437 2534 2477 Bandow

321 2513 510 2553 coenobio
540 2513 896 2552 sanctimonialium
926 2515 1072 2551 sanctae
1106 2512 1235 2550 crucis
1273 2512 1309 2549 in
1339 2510 1544 2558 Rostock,
1585 2525 1656 2563 per
1693 2511 1922 2562 magnificos
1960 2508 2160 2561 principes
2198 2507 2379 2547 dominos
2416 2508 2532 2548 Nico-

319 2582 421 2622 laum
450 2587 490 2622 et
518 2583 619 2623 filios
648 2584 736 2636 ejus
765 2583 927 2629 factam,
971 2582 1186 2621 confirmat.
1224 2603 1278 2609 —
1323 2581 1706 2630 Wernowemunde,
1756 2581 1795 2619 in
1832 2580 2003 2619 crastino
2040 2577 2190 2616 beator.
2228 2591 2318 2631 app.
2357 2577 2533 2633 Philippi

324 2656 362 2691 et
391 2652 541 2692 Jacobi.

707 2723 869 2756 Schroter
892 2721 1051 2763 Beitrage
1073 2732 1134 2754 zur
1158 2721 1349 2753 Mecklenb.
1376 2719 1730 2753 Geschichts—Kunde
1756 2719 1786 2752 1.
1811 2719 1871 2750 Bd.
1902 2717 1931 2750 l.
1956 2719 1998 2749 H.
2024 2728 2056 2759 p.
2080 2717 2258 2749 XI—Xll.

110 2786 164 2819 23.
189 2786 287 2828 Maji.
579 2783 724 2833 [1612]
781 2785 973 2823 Animum
1003 2781 1096 2833 (pur)
1127 2784 1379 2836 imperatoris
1408 2782 1552 2830 literae,
1582 2782 1729 2835 quibus
1758 2768 1971 2819 confirmat'
1986 2779 2253 2831 privilegium,
2292 2792 2369 2831 quo
2398 2778 2530 2818 Fride-

326 2853 429 2890 ricus
457 2850 539 2900 (ll.)
567 2853 774 2904 imperator
803 2868 920 2905 regno
949 2854 1084 2893 Daniae
1115 2856 1371 2893 concesserat
1405 2866 1543 2891 omnes
1582 2852 1771 2890 terminos
1806 2850 1906 2888 ultra
1935 2848 2129 2887 Eldanarn
2166 2852 2206 2888 et
2239 2849 2416 2896 Albiam,
2461 2850 2530 2888 im-

326 2921 433 2972 perio
467 2921 646 2959 Romano
684 2923 919 2970 attinentes,
963 2927 1002 2962 et
1031 2923 1217 2977 quicquid
1247 2924 1285 2962 in
1315 2922 1473 2962 Sclavia
1508 2922 1685 2961 Canutus
1727 2919 1827 2970 (Vl.)
1871 2933 1938 2958 rex
1976 2920 2114 2957 tenuit.
2160 2941 2209 2946 —
2259 2918 2529 2967 Constantice,

328 2990 378 3028 X.
408 2989 555 3028 calend.
584 2990 701 3028 Junii.

716 3059 902 3093 Thorkclin
927 3061 1152 3104 Diplomatar.
1177 3064 1413 3105 Arna-Magn.
1438 3063 1465 3095 Ι.
1490 3060 1547 3093 94.

95 3133 127 3164 8,
154 3132 308 3176 Augusti,
587 3119 729 3170 [1613]
785 3120 1018 3170 Jormxrur,
1067 3124 1193 3162 viduae
1232 3123 1458 3163 Gudmundi
1495 3121 1623 3168 Litle,
1667 3122 1967 3166 testamentum,
2010 3132 2087 3172 quo
2125 3119 2360 3160 donationes
2396 3118 2527 3158 multae

329 3188 505 3227 ecclcsiae
533 3187 735 3227 Lundensi
765 3204 833 3241 pro
862 3193 998 3231 missis
1027 3193 1300 3246 exequialibus
1337 3193 1584 3232 destinantur
1623 3194 1661 3228 et
1695 3193 1883 3242 praeterea
1921 3192 2174 3230 monasteriis
2209 3195 2250 3230 et
2283 3189 2526 3243 pauperibus

329 3258 432 3297 haud
461 3271 583 3310 pauca
613 3258 797 3311 legantur.
827 3282 878 3288 —
907 3262 1087 3309 Laudis,
1119 3262 1180 3301 die
1209 3262 1391 3301 sabbathi
1421 3266 1511 3301 ante
1542 3261 1685 3299 festum
1716 3259 1918 3298 Laurentii
1949 3261 2133 3300 martiris.

714 3327 884 3371 Liljegrcn
910 3329 1130 3373 Diplomatar.
1154 3335 1293 3365 Svecau.
1319 3332 1363 3365 11.
1389 3342 1443 3365 no.
1473 3330 1570 3363 1139.
1596 3341 1626 3372 p.
1653 3329 1824 3362 425—26.

2642 1959 2645 2039 i

2642 2045 2645 2070 l

2642 2480 2646 2554 ξ

2643 2591 2646 2681 ῑ

2642 2838 2646 2902 ι

2642 2908 2646 2981 3

2641 3014 2646 3234 l
