2649 3686
867 138 1022 190 Koxc
1056 141 1187 191 Emi<
1223 142 1461 192 Mnxvssn.
2186 154 2279 203 171

58 221 2281 248 Ἣ

48 317 145 351 Χ(ιιιῐῐι
181 302 301 344 rebus
339 308 378 344 et
413 307 680 348 mercimoniis
710 310 798 350 suis
828 312 945 351 eundi
985 317 1024 353 et
1053 314 1242 355 redeundi
1272 316 1466 356 licentiam
1499 316 1583 363 dat,
1628 321 1689 365 et,
1727 319 1762 358 si
1793 320 2035 371 naufragium
2065 324 2279 374 patiantur,
2353 327 2468 368 1287.

56 374 249 414 bonorum
279 387 366 427 quae
397 376 552 416 salvare
580 380 778 430 potuerint
807 380 967 422 liberam
996 387 1154 425 omnino
1184 387 1488 439 possessionem
1527 388 1697 428 remittit.
1740 413 1794 419 —
1838 389 2058 440 Sleswe'clt,
2102 394 2138 431 in
2178 394 2282 433 festo
2318 395 2375 427 3¹-
2406 398 2501 430 sulii.

56 444 241 486 Germani
271 445 529 486 confessoris.

449 517 585 560 Dreyer
610 519 748 561 specim.
775 520 815 552 de
840 522 953 555 naufr.
980 534 1012 566 p.
1039 525 1286 560 LXXXI—11.

315 576 472 627 [1385]
529 578 654 619 Eruci
686 581 887 622 Danorum
918 585 1207 640 Slavorumque
1240 590 1346 641 regis
1376 589 1424 628 ad
1455 589 1712 637 advocatum,
1756 593 1944 633 consules
1982 598 2019 633 et
2054 594 2275 647 burgenses
2300 605 2357 638 21.
2382 609 2537 648 Augusti.

55 644 314 687 Luhecenses
344 647 475 693 literae,
509 648 655 701 quibus
679 651 869 699 declarat,
901 668 947 694 se
980 656 1188 698 ordinasse
1212 662 1255 697 ut
1283 659 1518 700 Fre-clericus
1542 660 1733 701 Moltikoe
1763 665 2015 716 (capitaneus
2045 665 2197 717 regius)
2229 665 2278 704 de

51 716 165 757 bonis
195 730 330 757 eorum
366 719 403 757 in
433 718 613 760 Wironia
650 725 875 775 occupatis,
920 732 1116 777 quatenus
1156 729 1193 767 in
1232 743 1351 769 usum
1391 730 1541 782 regium
1579 733 1804 777 venissent,
1848 735 2035 774 rationem
2075 735 2275 779 redderet,

51 788 329 841 promittitque,
359 802 406 827 se
436 788 484 828 de
514 790 654 829 iisdem
686 791 798 832 bonis
829 796 1083 837 restituendis
1113 812 1207 838 esse
1236 804 1622 853 prospecturum.--
1645 802 1879 853 Iloslcllcle's,
1912 805 2004 845 feria
2031 804 2078 844 V.
2103 806 2278 858 proxima

51 860 145 910 post
171 856 275 898 diem
305 860 568 898 assumtionis
597 860 743 901 Mariae.

446 930 622 964 sartorius
650 932 775 965 Gesch.
801 933 833 966 d.
858 935 973 967 Hanse
999 935 1050 968 cd.
1076 938 1310 982 Lappenberg.
1336 941 1380 974 11.
1406 951 1461 974 no.
1486 943 1650 976 LXVIII.
1675 955 1708 988 p.
1736 943 1812 977 154.

314 989 473 1041 [1386]
531 992 752 1033 JOHANMS
791 996 968 1048 episcopi
1002 997 1240 1047 Tusculani,
1284 1003 1512 1054 apostolicae
1538 1005 1658 1044 'sedis
1691 1006 1829 1058 legati,
1867 1006 1917 1045 ad
1947 1006 2157 1046 universos
2186 1021 2273 1060 pro-
2298 1021 2353 1055 21,
2373 1024 2508 1066 septbr.

52 1059 189 1099 vinciae
219 1073 304 1099 suae
333 1060 680 1115 archiepiscopos,
724 1064 940 1118 episcopos
978 1070 1017 1106 et
1052 1069 1235 1121 praelatos
1265 1072 1452 1123 epistola,
1498 1088 1547 1114 ne
1584 1076 1708 1115 ordini
1746 1076 2002 1116 Cisterciensi
2037 1077 2172 1129 plures
2209 1079 2276 1116 im-

49 1130 264 1183 petitiones
294 1131 513 1184 imponant,
545 1132 636 1172 dum
668 1133 755 1186 ipse
787 1134 943 1186 legatus
973 1140 1214 1179 constitutus
1244 1146 1373 1188 esset,
1411 1157 1528 1196 quam
1559 1159 1645 1198 quae
1676 1147 1873 1186 annuatim
1911 1161 1958 1186 ex
1988 1147 2275 1187 consvetudine

49 1199 268 1240 solvebant.
298 1224 350 1230 —
379 1202 509 1255 Apud
533 1212 755 1244 monaster.
790 1203 1068 1255 Clarcevalle's,
1111 1210 1389 1269 thzqonerzqis
1417 1214 1641 1264 dioecesis,
1685 1215 1755 1255 Xl.
1793 1217 1943 1257 calend.
1976 1216 2140 1257 Octobr.
2178 1232 2269 1271 apo-

47 1270 185 1311 stolica
215 1271 312 1312 sede
342 1277 517 1313 vacante.

448 1343 625 1387 LilJegu-en
652 1346 876 1390 Diplomatar.
901 1350 1041 1382 Svecan.
1066 1350 1110 1383 11.
1135 1361 1189 1383 no.
1214 1350 1294 1383 947.
1320 1363 1350 1395 p.
1375 1353 1432 1386 35.

310 1405 466 1455 [1387]
524 1407 799 1449 WVALonMAm
829 1409 941 1449 ducis
969 1411 1084 1450 Jutiae
1110 1411 1228 1451 literae
1257 1414 1516 1466 protectoriae‚
1548 1414 1646 1456 datae
1671 1417 1826 1458 civibus
1850 1419 1886 1458 in
1911 1418 2187 1471 Swineburgh.
2220 1442 2267 1448 -
2294 1430 2350 1464 29.
2377 1433 2507 1475 septbr.

53 1473 297 1525 Tranelce'er,
328 1478 366 1516 in
397 1477 460 1517 die
489 1477 699 1518 Michaelis
729 1480 965 1532 archangeli.

442 1549 589 1581 norman
615 1550 847 1582 Fundationer
872 1552 933 1583 VI.
959 1550 1036 1584 209.
1063 1554 1132 1584 not.
1159 1552 1192 1584 d.
1228 1571 1274 1576 —
1308 1554 1367 1586 Hae
1401 1553 1507 1588 literae
1538 1556 1661 1589 eaedem
1687 1560 1767 1590 sunt
1799 1568 1839 1591 ac
1872 1569 1937 1601 eae,
1974 1569 2044 1603 quae
2065 1562 2138 1600 jam
2164 1570 2269 1602 supra

440 1610 527 1654 [vid.
561 1621 616 1643 no.
656 1611 775 1655 1292.)
813 1612 856 1644 ad
889 1623 964 1645 ann.
1001 1613 1088 1645 1280
1123 1614 1239 1646 relatae
1266 1619 1355 1647 sunt.
1415 1617 1588 1650 Pertinent
1624 1622 1734 1652 autem
1768 1619 1843 1652 sine
1868 1620 1968 1652 dubio
1993 1621 2034 1653 ad
2062 1632 2138 1653 ann.
2167 1621 2267 1653 1287.

440 1672 605 1705 Suhmius
632 1683 749 1706 earum
775 1678 808 1706 et
832 1674 893 1707 sub
920 1685 1007 1708 anno
1036 1675 1123 1708 1280
1148 1679 1180 1708 et
1204 1676 1265 1708 sub
1290 1686 1378 1709 anno
1401 1677 1488 1711 1287
1512 1679 1715 1713 mentionem
1741 1681 1826 1714 facit
1850 1680 1962 1724 (nist.
1993 1683 2032 1714 af
2051 1683 2199 1715 Danmk.
2221 1684 2266 1716 X.

439 1734 607 1767 804.·xl.
631 1734 721 1777 210.

309 1795 467 1846 [1388]
525 1795 743 1836 JOHANNIS
780 1797 959 1850 episcopi
997 1796 1228 1847 Tusculani,
1273 1800 1503 1852 apostolicae
1540 1802 1651 1842 sedis
1688 1803 1803 1855 legati
1833 1805 2097 1857 privilegium,
2142 1805 2266 1844 ordini
2303 1807 2335 1841 6.
2370 1810 2492 1844 Decbr.

44 1864 351 1906 Praedicatorum
381 1866 516 1906 datum
546 1867 583 1905 in
614 1868 827 1919 provinciis
857 1867 990 1907 Daciae
1027 1872 1066 1907 et
1101 1867 1296 1915 Polonioe,
1341 1870 1485 1923 quibus
1523 1872 1569 1912 iis
1608 1872 1831 1913 facultatem
1862 1875 2064 1921 concedit,
2109 1879 2177 1914 “ut
2216 1876 2264 1915 de

43 1938 198 1983 usuris,
228 1937 376 1990 rapinis
406 1941 445 1977 et
473 1937 572 1977 alias
603 1938 704 1977 male
734 1939 988 1990 acquisitis”,
1026 1938 1236 1977 dummodo
1266 1938 1328 1985 hi,
1367 1940 1518 1993 quibus
1547 1943 1722 1995 ipsorum
1753 1945 1949 1983 restitutio
1980 1945 2060 1984 fieri
2091 1945 2264 1991 deberet,

43 2009 200 2048 omnino
239 2009 402 2048 inveniri
440 2022 516 2047 non
553 2011 741 2063 possent,
784 2023 857 2048 nec
896 2008 944 2047 de
982 2008 1131 2047 eisdem
1168 2023 1238 2061 per
1274 2009 1410 2049 sedem
1440 2013 1701 2064 apostolicam
1738 2014 1845 2053 aliud
1876 2015 2099 2055 ordinatum
2129 2021 2261 2061 esset,

41 2093 112 2139 pro
143 2078 318 2132 quolibet
347 2083 544 2118 conventu
571 2080 858 2132 provinciarum
890 2092 1048 2117 suarum
1077 2078 1198 2117 XXV
1226 2093 1379 2119 marcas
1417 2083 1587 2134 recipere
1623 2083 1749 2123 liceat.
1790 2107 1838 2113 —-—
1879 2085 2007 2139 Apud
2041 2094 2260 2126 monaster.

47 2148 325 2198 Claraevallis,
355 2150 534 2202 Linqon.
567 2150 793 2197 dioecesis,
825 2147 930 2187 Vlll.
962 2148 1012 2187 id.
1042 2148 1296 2196 Decembris,
1327 2151 1547 2203 apostolica
1575 2152 1673 2192 sede
1704 2160 1877 2194 vacante.

434 2219 618 2262 Liljegren
644 2219 867 2262 Diplomatar.
895 2220 1040 2251 Svecan.
1066 2219 1109 2251 11.
1136 2228 1190 2250 no.
1215 2218 1296 2252 952.
1322 2231 1354 2264 p.
1381 2221 1528 2255 40—41.

1072 2334 1218 2383 1288.
2334 2368 2449 2408 1238.

303 2432 459 2482 [1389]
517 2433 643 2474 Emer
681 2433 884 2473 Danorum
922 2432 1211 2484 Slavorumque
1254 2432 1359 2484 regis
1400 2433 1591 2487 diploma,
1636 2448 1713 2487 quo
1758 2434 1913 2476 civibus
1951 2435 2256 2477 Lubecensibus
2282 2451 2314 2484 2.
2352 2455 2493 2486 Januar.

38 2516 126 2542 cum
154 2503 416 2543 mercimoniis
447 2508 487 2543 et
515 2503 635 2543 rebus
666 2506 753 2544 suis
782 2517 852 2556 per
880 2516 1042 2554 regnum
1071 2501 1208 2540 Daniae
1245 2503 1281 2541 in
1312 2502 1535 2543 Flandriam
1567 2508 1605 2543 et
1645 2518 1880 2560 quocunque
1922 2508 2062 2546 vellent
2092 2510 2258 2547 transire

37 2574 243 2626 permittit,
274 2574 586 2614 satisfactionem
615 2578 654 2614 et
681 2575 894 2627 plenariam
924 2572 1211 2611 restitutionem
1242 2573 1494 2624 promittens,
1524 2574 1559 2612 si
1589 2573 1692 2614 bona
1722 2589 1853 2614 eorum
1886 2581 1994 2628 rapta
2026 2577 2187 2624 fuerint,
2218 2584 2257 2617 ct

37 2644 72 2682 si
95 2643 341 2696 naufragium
363 2645 475 2697 passi
505 2649 654 2691 essent,
684 2644 875 2684 bonorum
900 2656 985 2696 quae
1009 2642 1162 2681 salvare
1181 2643 1378 2694 potuerint
1401 2642 1561 2683 liberam
1584 2647 1886 2697 possessionem
1910 2647 1960 2685 iis
1987 2646 2176 2686 tribuens.
2202 2670 2255 2677 -

38 2713 361 2767 Helsinqburclz,
392 2716 428 2753 in
461 2722 599 2754 octava
629 2714 666 2754 b.
698 2714 890 2767 Stephani
919 2713 1232 2766 protomartyris.

430 2786 564 2829 Dreyer
588 2785 728 2828 specim.
754 2785 794 2817 de
818 2784 929 2816 naufr.
955 2795 986 2826 p.
1011 2782 1254 2815 XLVI—Vll.

297 2845 453 2894 [1390]
511 2843 790 2886 XVALnssmAm
821 2846 935 2884 ducis
961 2844 1076 2883 Jutiae
1107 2844 1225 2882 literae
1254 2844 1519 2895 protectoriae,
1563 2844 1662 2885 datae
1699 2845 1906 2887 monachis
1945 2848 1994 2888 de
2023 2848 2133 2889 Loco
2166 2850 2252 2890 Dei.
2299 2869 2332 2902 2,
2369 2871 2468 2904 Febr.

35 2937 87 2946 -·-
115 2916 402 2968 Hatltoersleff,
433 2916 496 2955 die
525 2917 807 2969 purificationis
833 2915 954 2954 beatae
985 2914 1158 2965 virginis.

430 2987 617 3028 Langebek
642 2987 781 3029 Scriptt.
807 2985 904 3018 VIII.
934 2984 1009 3017 181.

298 3047 455 3096 [1391]
513 3048 641 3087 Erucl
671 3048 875 3086 Danorum
909 3047 1014 3097 regis
1041 3043 1228 3096 diploma,
1266 3056 1345 3095 quo
1375 3045 1646 3098 “privilegium
1676 3050 1948 3089 canonicorum
1976 3050 2249 3090 Lundensium
2295 3073 2328 3106 3·
2367 3075 2467 3108 Febr.

33 3128 152 3170 super
167 3115 301 3157 debito
317 3118 493 3164 aestivali,
512 3122 738 3170 nuncupato
755 3118 964 3168 vulgariter
973 3114 1343 3168 Bthzumerqeld”,
1365 3114 1823 3165 confirmat.—Lundis‚
1847 3120 1909 3160 die
1925 3120 2051 3161 Blasii
2069 3123 2249 3161 martiris,

429 3187 605 3229 Liljegren
630 3187 855 3230 Diplomatar.
882 3188 1026 3218 Svecan.
1052 3184 1096 3217 11.
1122 3193 1175 3215 no.
1200 3181 1279 3214 955.
1306 3193 1336 3226 p.
1362 3182 1418 3216 42.

295 3247 453 3297 [1392]
510 3247 636 3288 Eruci
663 3248 864 3287 Danorum
888 3247 991 3298 regis
1021 3245 1203 3297 diploma,
1235 3257 1312 3296 quo
1343 3246 1554 3285 canonicos
1583 3247 1822 3289 Lundenses
1852 3265 1939 3290 cum
1969 3251 2086 3292 bonis
2116 3267 2249 3293 eorum
2279 3266 2330 3300 17.
2359 3268 2485 3302 Mar-tii.

33 3316 120 3356 sub·
152 3320 393 3369 protectione
436 3331 509 3357 sua
553 3318 743 3371 suscipit,
788 3317 940 3357 villicos
975 3328 1106 3355 eorum
1144 3318 1181 3352 et
1220 3313 1381 3354 colonos
1419 3314 1493 3354 “ab
1533 3318 1635 3356 omni
1666 3319 1928 3372 expeditionis
1958 3324 2180 3374 gravamine
2210 3328 2250 3362 et

1916 3395 1986 3434 22³³·
