2649 3686
159 317 276 358 1063.

111 402 166 435 31.
193 403 313 436 Decbr.

160 1191 272 1231 1065.

118 2994 171 3026 28.
199 2994 319 3027 Decbr.

346 171 412 223 28
1097 168 1252 216 Kosa
1288 165 1464 216 Svnxn
1500 163 1795 211 Esvrmnsm.

1374 335 1520 386 1063.

610 439 738 489 [135]
794 437 981 477 Edwardi
1023 437 1129 488 regis
1170 433 1439 487 privilegium,
1484 446 1561 485 quo
1599 434 1860 486 episcopatus
1897 433 2152 473 Worcestriae
2196 433 2376 473 ecclesiae
2414 433 2565 474 Ebora-

349 513 458 551 censi
498 511 739 555 annectitur,
783 522 828 547 ea
865 508 1035 552 ratione,
1084 509 1128 543 ut
1170 503 1402 555 metropolis
1439 502 1666 542 Eboracum
1701 494 1912 556 pristinam
1950 504 2111 556 gloriam
2148 517 2380 556 recuperare
2415 504 2564 551 valeat,

349 582 503 634 qualem
531 578 750 633 privilegiis
779 577 1039 627 antiquiorum
1069 587 1203 624 regum
1233 573 1409 625 Angliae,
1453 574 1635 625 inprimis
1663 573 1830 612 Aldredi
1858 578 1898 613 et
1927 573 2116 620 Osvaldi,
2160 587 2233 612 nec
2270 588 2346 613 non
2381 573 2565 613 Formosi

347 665 460 705 papae
489 653 703 689 consecuta
732 647 875 689 suerat,
906 648 945 683 et
975 646 1154 682 tenuerat
1179 644 1382 695 “quietum
1413 647 1454 682 et
1482 642 1677 690 solidum,
1708 642 1835 682 donec
1862 643 2009 694 Anglia
2040 644 2197 696 dirupta
2226 648 2289 683 est
2319 648 2359 683 et
2388 643 2566 683 discissa

349 722 552 760 invasione
581 719 811 761 Daxonmr,
841 718 992 753 etcum
1022 714 1170 751 ceteris
1201 715 1443 752 ornamentis
1473 713 1734 752 ecclesiarum
1763 713 1960 766 praedictae
1990 715 2167 752 civitatis
2197 713 2295 753 illud
2324 713 2444 767 Papae
2472 714 2566 753 For-

348 792 450 830 mosi
479 787 724 843 privilegium
755 787 911 824 constat
940 796 1033 821 esse
1064 784 1309 822 incensum”.
1366 783 1473 822 Inter
1502 783 1757 835 subscriptos
1788 787 1998 822 occurrunt
2026 785 2209 822 nomina:
2239 783 2389 822 Editha
2417 784 2567 835 regina,

348 860 556 900 Oshernus
584 855 834 909 capellanus,
862 853 1063 892 Haroldus
1094 853 1157 892 dei
1188 865 1243 905 gr.
1273 853 1375 901 dux,
1414 853 1550 901 Tosti,
1588 853 1762 905 Algarus
1789 852 1891 900 dux,
1922 853 2038 892 Girth
2069 854 2168 901 dux,
2197 853 2434 893 Leoswinus
2465 853 2566 901 dux,

347 931 440 977 Ulf,
483 930 601 968 Sven.
643 947 690 953 -—
743 923 958 962 Wintonice
988 923 1025 961 in
1055 922 1216 976 publica
1253 925 1362 963 curia
1396 923 1555 962 Natalis
1593 923 1765 970 Christi,
1810 923 1875 963 die
1911 923 2144 963 festivitatis
2183 926 2310 963 sancti
2347 923 2594 975 Sylvestri,-

346 1014 446 1039 anno
475 998 581 1050 regni
611 993 723 1034 XXI.

731 1061 944 1096 Monasticon
969 1061 1150 1105 Anglican.
1184 1064 1245 1096 ΙΙΙ.
1283 1063 1476 1097 130-131.
1536 1064 1611 1097 Cfr.
1647 1063 1752 1097 Suhm
1785 1062 1878 1096 nist.
1917 1063 1959 1096 af
1982 1065 2128 1097 Danmk.
2160 1066 2223 1098 IV.
2256 1063 2452 1096 300—301.
2485 1064 2565 1096 332.

1376 1164 1522 1214 1065.

600 1261 727 1310 [1:36]
784 1260 1048 1300 ALEXANDRI
1075 1260 1177 1312 (ndi)
1201 1276 1314 1315 papae
1345 1261 1395 1301 ad
1425 1263 1643 1315 episcopos
1668 1261 1806 1301 Daniae
1830 1261 1967 1309 literae,
1997 1261 2063 1301 ubi
2095 1261 2191 1301 dicit
2215 1259 2563 1314 archiepiscopum

343 1334 744 1387 Hammaburgensem
775 1332 880 1386 apud
911 1346 955 1370 se
986 1337 1173 1385 questum
1203 1346 1319 1378 esse,
1350 1332 1457 1385 quod
1489 1332 1718 1372 “Ekbertns
1747 1332 1971 1371 Farriensis
2001 1333 2240 1385 episcopus,
2269 1331 2407 1370 multis
2436 1333 2564 1371 crimi-

341 1405 457 1446 nibus
487 1405 697 1450 involutus,
728 1404 778 1442 ad
808 1403 1004 1456 synodum
1035 1416 1153 1441 suum
1182 1417 1253 1456 per
1281 1404 1491 1441 triennium
1513 1406 1681 1441 vocatus
1710 1403 1843 1441 venire
1868 1402 2160 1448 contemserit”‚
2192 1403 2309 1455 cujus
2332 1402 2559 1454 pertinaciae

341 1475 547 1515 nonnullos
576 1475 854 1527 episcoporum
884 1487 1048 1512 causam
1078 1487 1172 1512 esse
1202 1487 1248 1512 se
1278 1472 1444 1512 audisse
1474 1472 1590 1519 dicit,
1635 1486 1754 1525 quare
1784 1473 1963 1519 mandat,
1999 1476 2043 1511 ut
2081 1472 2130 1511 ab
2158 1472 2360 1525 ejusmodi
2391 1471 2559 1511 consilio
2578 1476 2597 1483 ’“

340 1545 541 1593 recedant,
571 1550 611 1585 et
639 1545 787 1584 dictum
818 1545 1052 1597 episcopum
1083 1542 1134 1580 ad
1164 1542 1430 1582 obedientiam
1459 1541 1606 1581 hortari
1636 1546 1681 1581 ut
1709 1544 1898 1581 canonice
1922 1542 2139 1596 judicetur.
2167 1564 2216 1569 ·—
2249 1543 2346 1582 Sine
2375 1556 2492 1581 anno.

729 1615 851 1648 Adam.
873 1617 1049 1646 Bremens.
1076 1612 1134 1645 lib.
1156 1614 1218 1645 IV.
1244 1613 1300 1644 43.
1326 1623 1378 1656 ap.
1404 1612 1641 1654 Lindenbrog,
1669 1612 1808 1656 Scriptt.
1833 1615 1933 1646 Rcrr.
1962 1615 2076 1645 Germ.
2110 1624 2141 1656 p.
2167 1612 2223 1644 54.
2283 1615 2407 1645 Baron.
2433 1611 2558 1644 annall.

729 1677 810 1710 cccl.
848 1676 900 1708 ad.
932 1684 1010 1707 ann.
1047 1674 1147 1707 1067.
1179 1676 1278 1708 XIV.
1314 1677 1408 1707 Tom.
1444 1675 1559 1707 XVII.
1591 1686 1623 1717 p.
1657 1675 1737 1707 298.
1796 1674 1911 1707 Mansi
1947 1674 2101 1706 collectio
2134 1673 2309 1706 concilior.
2336 1676 2432 1707 Tom.
2456 1675 2557 1706 XIX.

727 1749 760 1781 p.
784 1737 865 1770 949.
925 1737 1108 1780 Staphorst
1132 1736 1223 1770 Hist.
1253 1736 1335 1769 eccl.
1361 1737 1481 1769 Hamb.
1507 1737 1533 1768 1.
1559 1735 1679 1778 Theil,
1710 1736 1738 1768 l.
1764 1737 1825 1769 Bd.
1850 1748 1882 1779 p.
1908 1736 2081 1768 417—18.
2129 1735 2360 1778 Pontoppidan
2372 1735 2509 1768 Annall.
2531 1737 2557 1768 I.

727 1799 888 1831 214-—15
914 1797 980 1841 (ad
1005 1809 1082 1831 ann.
1112 1798 1233 1841 1072).
1289 1797 1531 1841 Interpretatio
1556 1798 1690 1830 DanIca
1715 1797 1768 1830 in:
1804 1798 1909 1830 Suhm
1934 1798 2026 1830 nist.
2061 1797 2101 1829 af
2121 1798 2270 1830 Danmk.
2298 1797 2360 1830 IV.
2384 1797 2557 1847 32232&

596 1861 724 1910 [137]
783 1860 987 1900 Adalberti
1021 1859 1308 1913 archiepiscopi
1334 1858 1717 1911 Hanunaburgensis
1747 1859 1795 1898 ad
1824 1860 1891 1898 W.
1921 1859 2288 1898 Rosemtnmsnm
2319 1871 2556 1898 nerscoruu

338 1933 475 1978 literae,
514 1931 579 1971 ubi
618 1936 769 1984 gratum
799 1931 875 1970 sibi
907 1931 990 1970 sore
1027 1930 1143 1977 dicit,
1184 1931 1218 1969 si
1258 1934 1326 1968 aut
1362 1930 1448 1982 ipse
1482 1930 1518 1968 in
1559 1928 1757 1981 synodum
1787 1930 1957 1969 Slesvici
1987 1928 2262 1968 celebrandum
2292 1929 2443 1975 venire,
2489 1933 2557 1968 ant

339 2007 531 2041 oratorem
557 2002 649 2041 illuc
669 2003 821 2041 mittere
844 2002 973 2048 vellet,
1003 2005 1209 2053 rogatque,
1239 2005 1283 2038 ut
1312 2001 1488 2038 nuntium
1518 2013 1538 2038 a
1569 2014 1614 2039 se
1645 2001 1813 2039 missum
1842 2000 1908 2049 (de
1940 2000 2099 2052 negotio
2123 1999 2338 2038 Adalvardi
2357 2000 2556 2052 episcopi,

339 2075 403 2126 qui
432 2073 481 2112 ad
511 2074 787 2113 Sictonensem
817 2072 1026 2111 ecclesiam
1058 2071 1284 2116 ordinatus,
1330 2070 1420 2108 dum
1459 2069 1649 2110 “barbara
1681 2071 1805 2122 gens⁷'
1841 2085 1929 2110 eum
1959 2070 2033 2109 sibi
2064 2084 2236 2123 praeesse
2275 2070 2415 2116 nollet,
2459 2070 2554 2108 Sca-

338 2145 502 2185 riensem
533 2143 739 2183 ecclesiam
771 2143 954 2182 invadere
983 2142 1127 2194 coepit)
1158 2140 1207 2179 ad
1238 2140 1547 2192 Dalbogiensem
1579 2141 1813 2194 episcopum
1845 2141 1998 2192 dirigat.
2029 2162 2079 2169 —
2110 2140 2206 2179 Sine
2235 2153 2350 2178 anno.

727 2213 850 2246 Adam.
876 2213 967 2245 Hist.
992 2211 1125 2244 Eccles.
1152 2205 1214 2242 I'V.
1241 2211 1296 2242 43.
1322 2221 1375 2254 ap.
1400 2210 1584 2244 Lindenbr.
1610 2214 1686 2244 scr.
1718 2221 1803 2244 rerr.
1833 2212 1947 2243 Germ.
1980 2221 2013 2253 p.
2047 2211 2104 2243 51.
2163 2213 2288 2242 Baron.
2322 2209 2435 2242 annal.
2471 2210 2553 2243 eccl.

731 2276 785 2307 ad.
812 2285 890 2307 ann.
919 2274 1017 2306 1067.
1043 2260 1244 2305 XV.'To1n.
1269 2274 1384 2305 XVII.
1411 2283 1442 2314 p.
1463 2272 1543 2305 ⁶298.
1597 2272 1711 2305 Mansi
1733 2273 1890 2305 collectio
1917 2271 2091 2304 concilior.
2113 2274 2207 2304 Tom.
2222 2272 2320 2304 XIX.
2335 2271 2554 2314 p.933-—3-1.

728 2337 911 2379 Staphorst
943 2335 1025 2368 hist,
1058 2334 1139 2367 eccl.
1174 2335 1293 2366 Hamb.
1329 2335 1356 2367 1.
1392 2334 1511 2377 Theil,
1554 2334 1582 2367 1.
1609 2336 1669 2367 Bd.
1704 2346 1734 2377 p.
1761 2334 1840 2366 418.
1900 2334 2133 2377 Pontoppidan
2169 2333 2306 2366 Annall.
2340 2334 2367 2365 I.
2400 2333 2468 2366 215
2493 2333 2554 2376 (ad

728 2410 805 2431 ann.
835 2398 956 2441 1072).
1016 2397 1189 2437 Liljegren
1218 2396 1364 2438 Diplom.
1392 2398 1491 2429 Svec.
1523 2397 1550 2429 1.
1575 2406 1631 2429 no.
1655 2396 1726 2429 22..
1739 2408 1769 2440 p.
1795 2395 1944 2428 38-39.
2005 2397 2182 2438 lnterpret.
2207 2395 2337 2428 Danica
2361 2395 2415 2428 in:
2448 2396 2553 2428 Subm
2619 2409 2628 2413 ”

727 2460 807 2493 Hist
831 2461 871 2492 af
890 2459 1039 2492 Danmk.
1066 2460 1127 2490 lv.
1152 2458 1324 2489 323-2-1.

594 2522 722 2570 [138]
780 2521 982 2561 Adalberti
1013 2519 1301 2572 archiepiscopi
1325 2518 1708 2571 Hammaburgensis
1737 2519 1787 2558 ad
1811 2518 2025 2558 Fulconem
2056 2516 2239 2556 abbatem
2264 2517 2551 2571 Corbejensem

338 2591 525 2642 epistola,
554 2592 590 2630 in
621 2606 698 2645 qua
728 2593 935 2632 amicitiam
965 2592 1055 2644 ejus
1086 2593 1124 2628 et
1154 2590 1269 2628 fidem
1301 2590 1468 2641 expetit,
1499 2589 1627 2628 allatis
1656 2588 1852 2642 pluribus,
1884 2603 1969 2641 quae
2000 2589 2206 2627 amicitiam
2238 2602 2372 2627 eorum
2404 2590 2552 2627 arctius

339 2660 528 2700 devincire
571 2666 731 2714 posset,
782 2663 951 2701 maxime
993 2659 1100 2713 quod
1141 2659 1409 2705 Anscharius,
1465 2660 1619 2711 primus
1662 2658 2046 2710 Hammaburgcnsis
2090 2658 2434 2711 archiepiscopus,
2486 2652 2554 2711 qui

340 2731 655 2770 “universitatem
685 2731 926 2776 Fresonum,
958 2730 1195 2774 Danonum,
1227 2729 1477 2775 Sclavorum,
1514 2728 1807 2780 Norvegorum,
1846 2729 2048 2767 Svennum
2080 2742 2171 2767 cum
2201 2729 2307 2767 curis
2337 2729 2550 2767 innumera-

340 2797 484 2837 bilibus
513 2800 562 2838 ad
591 2801 678 2840 fidei
708 2805 950 2840 sacramenta
979 2799 1225 2853 praedicando
1257 2799 1488 2845 convertit”,
1519 2798 1700 2851 Corbejae
1730 2800 1896 2851 primum
1927 2798 2082 2837 fuisset.
2113 2820 2164 2827 —
2195 2799 2290 2837 Sine
2320 2812 2434 2837 anno·

730 2871 879 2914 Capitul.
904 2873 1015 2912 Regg.
1040 2871 1206 2902 Francor.
1232 2870 1384 2912 Append.
1412 2869 1464 2901 ed.
1490 2869 1605 2901 Baluz.
1641 2869 1683 2901 11.
1718 2868 1783 2900 col.
1820 2868 1919 2900 1551.
1980 2869 2162 2911 Staphorst
2192 2869 2283 2901 Πίεῐ.
2308 2868 2402 2902 Eccl.
2428 2869 2549 2901 Hamb.

727 2933 753 2965 l.
779 2933 888 2976 Theil,
920 2933 948 2965 1.
974 2933 1035 2965 Bd.
1060 2943 1092 2974 p.
1118 2932 1196 2963 432.
1245 2932 1318 2964 cfr.
1346 2931 1451 2962 subm
1478 2931 1570 2963 nist.
1596 2931 1638 2962 af
1658 2930 1807 2962 Danmk.
1833 2931 1895 2962 lv.
1919 2930 1999 2962 327.

604 2992 729 3040 [139]
785 2993 984 3033 Eadvardi
1019 2992 1222 3032 Ethelredi
1260 2993 1365 3044 regis
1394 2992 1479 3037 filii,
1524 2992 1671 3043 “gratia
1703 2991 1765 3029 ‹lei
1795 2991 2010 3042 Anglornm
2041 2992 2191 3043 regis'’,
2235 2990 2427 3044 diploma,
2471 3005 2549 3044 quo

341 3057 570 3097 coenobium
598 3060 1025 3103 westmonasteriense
1055 3066 1298 3102 restauratur
1327 3065 1365 3101 et
1395 3062 1627 3101 donationes
1657 3061 1692 3098 in
1719 3062 1998 3100 incrementum
2029 3063 2117 3114 ejus
2147 3062 2195 3100 ab
2226 3060 2550 3101 antecessoribus

340 3128 443 3179 regis
473 3132 511 3166 et
540 3129 791 3180 optimatibus
821 3132 931 3172 sactae
963 3133 1258 3177 confirmantur,
1305 3145 1495 3184 novaeque
1533 3130 1758 3182 largitiones
1795 3129 1843 3169 ab
1882 3132 1969 3184 ipso
2009 3145 2100 3181 rege
2137 3130 2356 3176 adduntur,
2401 3130 2548 3170 inserta

341 3196 444 3235 bulla
462 3195 606 3236 Leonis
622 3197 757 3246 (ffims)
781 3214 889 3253 papae
914 3202 1022 3251 (data
1049 3201 1180 3250 1050).
1240 3201 1299 3250 [ln
1331 3201 1615 3240 introductione
1645 3201 1697 3238 ita
1729 3200 1897 3253 loquitur
1927 3215 2013 3240 rex:
2045 3200 2181 3239 “Scire
2212 3214 2284 3239 vos
2315 3199 2421 3245 volo,
2451 3213 2547 3253 quo-

341 3268 440 3304 niam
457 3270 628 3318 tempore
643 3280 800 3306 avorum
824 3283 1007 3317 meorum,
1032 3272 1238 3323 patrisque
1261 3274 1349 3318 mei,
1372 3272 1492 3311 multa
1517 3273 1556 3308 et
1580 3269 1709 3320 gravia
1735 3268 1925 3309 bellorum
1948 3270 2120 3324 pericula
2145 3269 2367 3309 afflixerunt
2391 3273 2545 3321 gentem

341 3334 574 3386 Anglorum‚
619 3340 656 3374 et
693 3337 824 3388 ipsos,
866 3342 942 3378 tam
979 3354 999 3379 a
1037 3342 1123 3380 suis
1164 3354 1281 3392 qnam
1320 3339 1368 3381 ab
1410 3340 1603 3380 extraneis
1641 3340 1859 3387 concitata,
1904 3340 2001 3380 adeo
2039 3343 2082 3378 ut
2110 3353 2220 3391 paene
2250 3339 2465 3392 periclitata
2495 3340 2546 3377 sit
