2649 3686
849 121 1006 170 Koxe
1039 119 1170 170 Eun<
1203 119 1440 170 Mnxvm).
2148 127 2245 175 20⁷

299 289 456 339 [1701]
512 289 1131 345 Literae,quibus“Jo}1Anm-:s
1161 306 1306 340 mmo,
1350 305 1496 333 merus
1527 291 1741 331 Monam
1771 293 1952 331 semon’
1962 293 2158 340 ‚confert
2188 309 2247 334 ec·
2323 297 2436 338 1309.

40 360 168 402 elesiae
195 358 472 400 Doberanensi
502 360 694 413 judicium
732 375 872 402 manus
901 368 939 403 et
975 364 1063 403 colli
1101 368 1141 403 et
1171 363 1386 417 precariam
1423 363 1459 401 in
1496 362 1587 401 villa
1615 361 1826 401 Bolecowe
1864 363 2000 416 majori
2029 368 2067 402 et
2096 365 2132 402 in
2163 365 2251 404 villa
2287 364 2470 407 21.Maji.

41 430 208 472 Grentze
233 430 392 482 majori,
420 431 557 470 “sicut
585 445 659 471 nos
687 433 812 484 primo
843 432 1054 473 habuimus
1084 448 1106 474 a
1136 433 1254 473 nobili
1284 433 1440 472 domino
1469 431 1636 472 Nicolao
1672 431 1720 470 de
1749 431 1884 471 werle
1921 435 1961 471 et
1996 432 2173 485 posthaec
2201 433 2249 473 ab

40 499 242 541 excellenti
280 499 438 539 domino
474 499 613 540 Enico
651 514 761 541 neon
802 502 1020 542 Damonem
1061 516 1115 542 m·
1153 503 1406 544 Sannum?
1411 532 1420 542 .
1449 524 1503 532 —-
1542 502 1645 541 lnter
1687 504 1813 540 testes
1857 503 2025 541 occurrit
2069 502 2250 542 dominus

37 570 260 611 Nicotaus
289 569 425 610 Bana
456 571 571 611 miles
597 575 637 611 et
667 585 933 613 carm-Annus
965 586 1116 614 nomm
1148 586 1274 614 neers
1303 573 1471 613 Diem.
1500 594 1554 602 —
1581 571 1811 620 Rozstoek,
1842 570 1935 611 Xll.
1959 572 2109 612 calend.
2131 573 2250 621 Junii,

39 639 135 681 feria
165 643 302 694 quarta
332 641 561 694 septimanae
591 645 858 693 pentecostes.

432 710 659 754 VVestplialcn
683 714 833 745 Monum.
860 712 947 746 incd.
973 714 1034 747 111.
1063 713 1161 746 1594.
1185 731 1231 738 -
1257 714 1333 745 Has
1358 711 1480 746 literas
1502 711 1713 745 confirmavit
1726 712 1900 746 Nicouus
1922 722 2070 745 nomines
2091 724 2132 746 nr.
2155 714 2250 746 Βοτ-

427 781 517 805 ετοκ
542 772 675 816 literis,
701 774 771 806 dat.
797 776 949 808 Rozstok
976 785 1066 808 anno
1090 778 1138 808 Μ.
1165 775 1264 808 CCC.
1291 775 1353 807 IX.
1378 775 1440 808 XI.
1467 773 1558 818 (leq.
1590 773 1691 817 Xll.)
1716 774 1849 808 calend.
1874 774 1991 816 Junii,
2017 774 2106 807 feria
2131 779 2251 818 quarta

429 834 625 877 septimanae
650 839 861 878 pentecostes
888 836 988 880 (ibid.
1015 837 1078 870 col.
1108 836 1317 880 1591—95).

298 895 444 947 [1702]
502 896 669 937 Kanum
706 900 906 951 praepositi
945 899 1121 938 ecclesiae
1152 890 1422 938 Slesvicensis
1461 897 1578 936 literae
1615 897 1665 936 ad
1702 897 1851 937 incolas
1880 896 2116 936 Vithlandiae
2148 897 2245 946 (Ue-
2281 894 2314 928 9-
2339 897 2394 928 Vel
2425 897 2472 928 ¹9-

39 965 227 1017 landiae),
269 978 372 1019 quos
408 966 458 1006 ad
497 966 773 1019 eleemosynas
809 972 847 1007 et
877 968 1058 1008 subsidia
1088 969 1263 1007 caritatis
1293 967 1658 1007 sanctimonialibus
1689 969 1814 1007 sancti
1844 967 2038 1008 Johannis
2069 967 2251 1020 baptistae
2322 958 2427 990 Junii.

38 1037 76 1076 in
104 1035 241 1083 Holm,
279 1037 480 1076 dioecesis
509 1037 795 1084 Slesvicensis,
832 1037 1050 1077 exhibenda
1079 1038 1268 1078 hortatur.
1305 1060 1358 1067 —
1402 1037 1478 1077 Die
1507 1037 1707 1078 Prothasii
1737 1043 1775 1077 et
1804 1037 1990 1077 Feliciani
2020 1042 2245 1091 martyrum.

408 1107 658 1150 =Wcstphalen
681 1110 832 1140 Monum.
858 1107 946 1141 incd.
971 1109 1032 1141 llI.
1057 1109 1136 1141 362.

298 1168 445 1220 [1703.]
502 1168 647 1216 Eruci,
689 1169 930 1208 waldemari
960 1170 1075 1209 Jutiae
1106 1170 1218 1208 ducis
1249 1169 1334 1216 filii,
1371 1170 1512 1217 literae,
1556 1168 1703 1222 quibus
1733 1169 2099 1210 Stralsundensium
2136 1169 2250 1222 privi-
2291 1168 2342 1202 ll·
2369 1170 2474 1203 Junii.

39 1239 158 1292 legia,
188 1239 238 1279 iis
267 1252 289 1279 a
318 1243 428 1293 patre
458 1253 651 1279 concessa
682 1240 894 1279 confirmat.
923 1263 976 1268 —
1007 1240 1268 1293 Steuyborqh
1298 1239 1595 1291 (Flensborqfe)
1627 1240 1688 1278 die
1716 1238 1907 1278 Barnabae
1936 1239 2119 1292 apostoli.

431 1309 612 1343 Sartorius
639 1310 765 1342 Gesch.
791 1311 823 1343 d.
850 1312 965 1344 Hanse
999 1311 1052 1344 cd.
1076 1311 1321 1353 Lappcnberg,
1358 1311 1403 1343 11.
1434 1320 1489 1343 no.
1516 1310 1695 1343 cxvulc.
1720 1320 1752 1353 p.
1784 1309 1863 1344 246.
1924 1309 2000 1343 cfr.
2026 1309 2131 1341 subm
2157 1309 2247 1342 nist.

429 1372 469 1404 af
488 1372 635 1405 Danmk.
660 1372 722 1404 XI.
748 1371 827 1405 601.

298 1433 445 1485 [1704.]
503 1433 807 1473 Instrumentum
843 1434 953 1487 pacis
997 1434 1095 1472 inter
1129 1432 1294 1472 Emeum
1331 1431 1469 1471 Daniae
1513 1435 1551 1471 et
1589 1431 1828 1479 fflqmmm
1866 1431 2072 1484 Norvegiae
2115 1445 2247 1484 regem
2300 1440 2328 1471 l.
2354 1440 2451 1473 sulii.

14 1504 136 1544 ,initae
165 1505 205 1553 (a
232 1508 344 1558 parte
373 1505 480 1556 regis
512 1503 712 1543 Danorum
742 1504 917 1554 editum).
947 1525 998 1532 —
1028 1504 1211 1556 Ilaffnis,
1242 1507 1379 1542 octavo
1411 1502 1472 1541 die
1500 1502 1692 1541 Johannis
1721 1503 1914 1555 baptistae.

431 1574 619 1607 Thorkelin
649 1574 819 1607 Analecta
842 1586 873 1618 p.
898 1574 1068 1606 98—103.
1116 1572 1547 1616 Liljegren'Diplomatar.
1571 1575 1715 1604 Svecan.
1741 1573 1785 1606 11.
1810 1582 1864 1604 no.
1892 1572 1990 1604 1628.
2016 1582 2048 1614 p.
2074 1571 2247 1605 577—79.

298 1636 444 1687 [1705]
502 1636 701 1676 HAcoms
727 1635 931 1688 Norvegiae
952 1636 1056 1687 regis
1086 1636 1326 1674 confirmatio
1356 1634 1636 1686 lilacitationis,
1666 1635 1765 1672 inter
1794 1646 1881 1672 eum
1912 1637 1950 1672 et
1978 1632 2136 1672 Ericum
2167 1633 2246 1672 Da-
2275 1636 2338 1668 17.
2374 1637 2468 1670 Julii.

37 1707 108 1746 niae
137 1719 268 1759 regem
297 1707 419 1754 initae,
463 1706 805 1746 consentientibus
842 1706 977 1745 multis
1006 1704 1244 1758 primoribus
1280 1704 1499 1756 Norvegiae.
1563 1703 1710 1753 (Prima
1739 1716 1832 1756 pars
1863 1702 1984 1756 hujus
2023 1703 2244 1742 documenti

37 1777 218 1816 convenit
246 1790 333 1816 cum
360 1779 618 1816 instrumento
647 1776 752 1816 Erici
784 1778 906 1827 regis,
947 1776 1036 1815 (lato
1074 1774 1215 1813 Hafnis
1244 1773 1380 1812 Vulva
1412 1773 1607 1812 Johannis
1636 1772 1842 1826 baptism,
1885 1773 2017 1813 multis
2049 1772 2098 1811 ad
2128 1774 2241 1812 finem

36 1846 233 1901 adjectis).
261 1869 316 1876 -
342 1846 740 1900 Kaupmmmalmfiz,
772 1847 864 1886 feria
894 1846 942 1885 V.
973 1849 1061 1885 ante
1091 1845 1232 1884 festum
1261 1843 1395 1882 Mariae
1423 1837 1682 1895 Magdalenae.

432 1916 624 1950 Thorkelin
652 1917 816 1950 Analecta
839 1928 871 1960 p.
900 1916 1066 1949 103—10.
1124 1914 1301 1955 Liljegrcn
1326 1913 1549 1957 Diplomatar.
1575 1916 1715 1946 Svecau.
1739 1914 1782 1947 11.
1807 1923 1862 1946 no.
1892 1912 1989 1947 1629.
2014 1924 2045 1957 p.
2071 1912 2242 1945 579—82.

298 1979 453 2028 [1706]
510 1978 671 2029 E(R1c1)
709 1979 815 2031 regis
851 1978 988 2024 literae,
1032 1975 1176 2030 quibus
1214 1976 1459 2028 privilegium
1495 1976 1785 2028 progenitorum
1816 1988 2003 2021 suorum,
2047 1974 2245 2013 canonicis
2291 1977 2345 2010 29.
2372 1978 2466 2010 Julii.

2 2034 283 2102 thpensibus
314 2050 469 2096 datum,
509 2063 600 2103 quo,
620 2050 735 2088 villici
770 2052 809 2087 et
837 2049 966 2088 coloni
1003 2061 1134 2086 eorum
1171 2045 1218 2085 ab
1251 2046 1511 2098 expeditionis
1547 2045 1771 2096 gravamine
1801 2047 1840 2083 et
1869 2045 1972 2082 omni
2004 2045 2106 2096 juris
2150 2043 2243 2095 regii

36 2120 238 2159 exactione
267 2121 460 2160 immunes
491 2124 529 2159 et
558 2120 699 2159 exemti
730 2119 984 2165 declarantur,
1014 2117 1225 2157 confirmat.
1254 2138 1306 2143 -—
1344 2114 1396 2154 W
1398 2113 1729 2168 orddwlhoqu,
1760 2114 1823 2153 die
1856 2112 1960 2152 beati
1985 2113 2100 2152 Olavi
2134 2114 2242 2165 regis

35 2193 74 2229 et
102 2191 299 2244 martyris.

286 2255 290 2259 ⁴
430 2262 605 2303 Terpager
630 2260 725 2303 Ripae
749 2258 874 2293 Cimhr.
899 2269 931 2301 p.
960 2257 1125 2290 182—83.
1172 2255 1358 2297 Langebek
1384 2253 1523 2297 Seriptt.
1547 2255 1626 2287 vn.
1650 2253 1729 2286 330.

239 2379 241 2382 Α
295 2337 452 2387 [1707.]
511 2337 807 2376 Testamentum
835 2334 1038 2381 Timonis,
1074 2333 1165 2372 dicti
1193 2322 1448 2372 Amr-max.
1477 2353 1529 2359 —
1558 2330 1704 2381 Vigilia
1731 2328 1836 2369 beati
1865 2328 2075 2368 Laurentii.
2265 2331 2298 2364 9.
2319 2331 2475 2373 Augusti.

427 2409 599 2451 Terpager
622 2407 717 2450 Ripae
745 2406 870 2439 Cimbr.
895 2405 1067 2436 377-78.

298 2470 454 2519 [1708]
512 2469 630 2509 Ειιιοι
660 2468 860 2508 Danorum
890 2466 996 2518 regis
1027 2464 1230 2516 obligatio,
1260 2476 1335 2516 qua
1364 2461 1628 2514 burgensibus
1657 2460 1706 2499 de
1734 2459 1914 2504 Rostock
1943 2460 2145 2512 antiquum
2176 2458 2238 2498 de-
2269 2457 2320 2492 10·
2338 2460 2497 2501 Augusti.

34 2537 156 2580 bitum
186 2539 330 2580 domini
358 2540 511 2581 Nicolai
542 2541 591 2579 de
619 2537 800 2578 Rostock
835 2536 986 2576 solvere
1015 2534 1221 2587 promittit,
1266 2533 1383 2572 certis
1418 2533 1592 2571 terminis
1628 2532 1856 2583 propositis.
1926 2529 2127 2580 (Debitum
2166 2528 2240 2567 hoc

35 2613 117 2651 erat
141 2612 312 2664 quinque
342 2612 460 2651 millia
491 2610 773 2664 quinquaginta
810 2621 881 2646 sex
913 2617 1125 2644 marcarum
1161 2617 1249 2642 cum
1279 2607 1367 2642 octo
1406 2602 1544 2641 solidis
1583 2601 1825 2641 denariorum
1862 2599 2150 2647 Slavicalium).
2188 2621 2236 2627 —

38 2679 216 2734 Stiqlzae,
243 2681 306 2721 die
335 2681 441 2722 beati
470 2681 671 2721 Laurentii
700 2678 882 2719 martiris.

427 2746 947 2785 Rostock.wtichentl.Nacl1r.
976 2743 1072 2776 1753.
1097 2754 1128 2786 p.
1154 2741 1301 2774 53—55.

297 2813 445 2864 [1709]
504 2814 779 2856 Cms'rlARNl,
817 2807 991 2861 episcopi
1021 2804 1233 2857 Ripensis,
1276 2802 1484 2841 Nncnom
1514 2801 1654 2854 prioris
1685 2800 1841 2840 fratrum
1870 2799 2172 2839 Praedicatorum
2202 2803 2284 2838 etz).
2288 2803 2497 2847 &Augusti

37 2883 167 2924 fratris
201 2883 358 2924 Jacom
397 2882 601 2935 guardiani
641 2882 800 2921 fratrum
835 2878 1027 2917 Minorum
1064 2874 1297 2927 Ripensium
1333 2872 1621 2916 testimonium,
1665 2884 1711 2910 se
1746 2870 1894 2909 vidisse
1934 2870 2065 2909 literas
2101 2868 2238 2918 E(rici)

35 2953 164 3006 regis,
193 2952 272 2995 dat.
300 2952 640 3006 Worthingborgh
670 2965 732 2991 an.
760 2946 982 2990 MCCCIX.
1013 2945 1074 2984 die
1102 2943 1206 2983 beati
1238 2942 1354 2981 Olavi
1383 2942 1487 2993 regis
1515 2940 1712 2992 martyris,
1742 2953 1892 2993 easque
1915 2953 1983 2993 per
2006 2938 2239 2979 Michaelem

37 3022 219 3063 clericum
247 3023 476 3064 transscribi
501 3024 661 3063 fecisse.
692 3044 741 3050 —
771 3020 913 3072 Ripz's,
944 3018 980 3056 in
1011 3019 1145 3054 octava
1176 3012 1460 3065 assumptionis
1490 3010 1613 3051 beatae
1642 3011 1814 3062 virginis.

430 3095 603 3137 Terpager
626 3092 722 3135 Ripae
747 3090 874 3124 Cimbr.
898 3099 929 3131 p.
958 3085 1129 3125 182—83.
1746 3091 1753 3097 -

299 3155 455 3205 [1710]
513 3155 753 3194 Cimmeris
783 3148 877 3200 (V‘ff)
906 3162 1017 3201 papre
1046 3143 1281 3184 confirmatio
1319 3142 1513 3194 generalis
1550 3141 1836 3195 privilegiorum
1866 3141 2093 3182 monasterii
2121 3139 2238 3180 Esro-
2277 3148 2308 3182 2.
2335 3149 2466 3191 septbr.

37 3226 198 3267 mensis.
229 3247 278 3256 ·-
308 3226 521 3273 Avinion.,
550 3223 636 3263 llll.
669 3236 757 3261 non.
787 3217 1007 3273 Septembr.
1039 3214 1177 3268 pontif.
1207 3227 1307 3253 anno
1338 3216 1489 3265 quarto.

431 3295 614 3339 Langebek
640 3292 777 3336 Scriptt.
802 3291 862 3324 IX.
931 3312 940 3322 .
977 3286 1060 3321 Cod.
1085 3285 1219 3318 Esrom.
1250 3282 1308 3316 fol.
1333 3281 1502 3317 xxuub.
1551 3282 1626 3317 cer.
1643 3281 1747 3316 Suhm
1761 3282 1851 3317 nist.
1867 3282 2137 3316 at'Dnnmk.X1.
2157 3282 2236 3314 570.
