2649 3686
326 130 424 180 172
1126 125 1282 174 Koxe
1316 121 1447 169 Enni
1479 92 1733 167 MENVED.

137 302 255 342 1288.
330 303 572 355 impetitione
600 302 810 346 exactoria,
842 302 945 345 inne,
968 298 1093 346 stuth,
1123 292 1381 346 vectigalibus
1411 291 1634 342 ceterisque
1664 286 1953 333 solutionibus,
1984 285 2170 326 oneribus
2199 290 2239 325 et
2268 287 2439 327 servitiis
2462 288 2542 342 juri

90 374 142 405 ¹⁷·
167 371 299 405 'Martii-
324 373 432 424 regio
462 370 744 411 attinentibus‘’
776 369 920 408 liberos
950 368 1132 407 declarat.
1164 386 1213 393 —
1243 358 1587 413 Helsz‘nqeburylc,
1618 361 1757 410 quarta
1788 356 1882 396 feria
1910 370 2020 409 prox.
2050 360 2141 396 ante
2170 356 2274 395 dom.
2304 355 2539 398 Palmarum.

717 439 898 480 Liljegren
925 437 1145 480 Diplomatar.
1172 436 1315 466 Svecan.
1341 431 1386 463 11.
1411 439 1466 462 no.
1490 427 1570 460 959.
1597 438 1629 470 p.
1654 426 1804 459 45—46.

86 504 140 536 22.
168 502 296 536 Martii.
584 499 740 548 [1393]
797 499 957 547 Literae,
1003 496 1149 550 quibus
1184 494 1347 534 Erucus
1391 505 1457 529 rex
1500 489 1628 527 omnia
1674 487 1776 526 bona
1820 488 2099 527 canonicorum
2143 487 2191 527 de
2227 486 2447 527 Ebbleholt
2488 488 2537 529 ab

325 571 430 609 omni
459 570 721 622 expeditionis
751 569 990 620 gravamine,
1021 566 1171 605 scilicet
1201 566 1320 610 inme,
1362 559 1463 600 stud
1495 562 1534 598 et
1563 558 1820 597 aedificatione
1856 556 2031 604 urbium,
2075 558 2316 611 impetitione
2347 560 2539 600 exactoria

323 642 507 692 omnique
537 653 652 679 onere
681 640 786 690 regio
818 637 937 676 libera
964 636 1129 674 dimittit.
1161 655 1209 662 -
1238 628 1472 675 Roslcildile,
1502 627 1550 667 Il.
1582 628 1678 666 feria
1707 641 1818 681 prox.
1848 631 1942 680 post
1969 627 2204 666 dominicam
2234 626 2471 667 Palmarum.

712 707 896 748 Langebek
930 706 1069 748 Scriptt.
1101 705 1164 736 Vl.
1203 700 1371 735 165—66.
1431 698 1596 731 Suhmius
1630 698 1694 730 has
1727 698 1852 730 literas
1886 697 1929 730 ad
1965 708 2043 730 ann.
2083 697 2170 730 1287
2202 698 2324 730 refert.
2361 696 2474 740 (nist.
2504 700 2544 731 af

714 768 863 800 Danmk.
887 768 949 800 XI.
974 766 1041 810 6.).
1459 789 1462 791 -

83 832 116 862 9·
150 830 288 873 Aprilis.
581 829 727 881 [1394]
784 829 1001 867 JonAxms
1026 825 1311 878 archiepiscopi
1337 821 1566 861 Lundensis
1591 821 1761 873 diploma
1786 820 1834 858 de
1857 820 2085 867 fundatione
2111 824 2149 860 et
2175 820 2376 859 dotatione
2404 820 2538 861 altaris

321 902 514 942 Johannis
546 900 725 952 baptistae
755 900 790 936 in
821 898 941 948 cripta
973 896 1146 934 ecclesiae
1176 893 1417 932 Lundensis.
1469 914 1514 920 —
1557 891 1742 939 Lundz's,
1789 890 1882 929 seria
1913 889 1981 929 Vl.
2018 895 2113 943 post
2148 894 2327 930 octavam
2355 889 2538 931 Paschae.

709 968 884 1009 Liljegren
908 965 1134 1008 Dlplomatar.
1162 966 1305 996 Svecan.
1331 963 1375 994 ΙΙ.
1402 972 1457 995 no.
1482 960 1563 994 960.
1589 973 1621 1004 p.
1647 960 1802 993 46—47.

77 1040 128 1071 14.
153 1037 296 1081 Aprilis.
580 1030 724 1081 [1395]
780 1028 922 1067 Literae
961 1028 1160 1066 Aemssrrs
1200 1026 1362 1076 reginae,
1408 1024 1456 1063 de
1495 1022 1649 1062 licentia
1693 1021 1879 1061 fratribus
1923 1021 2071 1062 ordinis
2107 1021 2304 1061 Minorum
2349 1036 2540 1064 concessa

319 1103 533 1142 claustrum
563 1101 598 1139 in
629 1098 829 1149 Koldingh
860 1096 1126 1136 construendi.
1161 1118 1209 1124 —
1242 1092 1495 1145 Skelfislcb'r,
1527 1092 1676 1132 XVIII.
1708 1092 1857 1132 calend.
1888 1091 2000 1145 Maji.

707 1167 893 1209 Langebek
918 1166 1056 1209 Scriptt.
1081 1167 1126 1198 V.
1151 1165 1233 1198 516.

89 1240 145 1271 21.
174 1239 269 1279 MaJi.
574 1229 719 1280 [1396]
775 1228 960 1267 ΝιοοιΑι
993 1225 1107 1276 (lvti)
1137 1240 1250 1279 papae
1280 1225 1410 1272 hulla,
1457 1239 1536 1279 qua
1572 1225 1859 1264 matrimonium
1896 1224 2001 1276 regis
2032 1224 2204 1271 Sveciae,
2248 1223 2404 1276 Magni,
2448 1238 2538 1265 cum
2591 1240 2595 1245 ‘
2638 1271 2639 1283 ἵ

315 1301 492 1352 Helvige‚
524 1299 713 1338 Gerhardi
737 1299 889 1337 comitis
915 1297 1103 1336 Holsatioe
1127 1298 1204 1336 filia
1231 1294 1358 1350 (quod
1383 1310 1449 1336 rex
1473 1309 1558 1335 eam
1582 1295 1757 1348 inprimis
1780 1295 1830 1334 ob
1853 1308 2014 1334 causam
2039 1294 2198 1345 inierat,
2230 1294 2336 1347 quod
2361 1293 2536 1342 timebat,
2555 1337 2563 1346 ,

314 1372 492 1408 comitem
521 1368 656 1407 Efflco
687 1381 785 1407 Ram
815 1367 970 1407 DAcm
999 1367 1184 1406 auxilium
1215 1367 1411 1406 adversus
1440 1380 1486 1406 se
1515 1366 1701 1414 laturum)
1732 1369 1994 1411 contractum,
2023 1369 2150 1404 ratum
2180 1365 2292 1411 facit,
2323 1368 2362 1404 et
2391 1364 2538 1405 liberos

314 1455 360 1479 ex
388 1439 463 1478 boc
492 1438 734 1478 matrimonio
765 1442 979 1490 susceptos
1009 1438 1207 1489 legitimos
1239 1437 1425 1476 declarat.
1454 1459 1509 1465 —
1537 1437 1694 1484 Reate,
1726 1434 1820 1474 XII.
1852 1435 1923 1474 cal.
1954 1434 2081 1481 Junii‚
2110 1435 2249 1488 pontif.
2275 1448 2376 1474 anno
2399 1435 2536 1488 primo.

704 1507 835 1540 Skand.
872 1507 941 1539 Lit.
979 1507 1095 1540 Selsk.
1134 1506 1261 1540 Skrift.
1296 1509 1396 1540 XXI.
1432 1506 1582 1540 92—94.
1641 1506 1818 1548 Liliegren
1851 1505 2079 1549 Diplomatar.
2116 1508 2264 1539 Svecan.
2296 1506 2341 1538 II.
2375 1516 2432 1539 no.
2456 1505 2536 1539 962.

704 1580 736 1612 p.
762 1568 909 1601 47—48.

90 1638 143 1669 23.
179 1635 273 1676 MaJi.
571 1631 728 1680 [1397]
785 1630 911 1670 Erum
944 1631 1050 1682 regis
1082 1630 1200 1669 literae
1229 1630 1476 1683 protectoriae
1515 1633 1555 1668 et
1590 1629 1814 1682 privilegia,
1859 1629 1949 1669 data
1986 1628 2144 1668 villanis
2181 1628 2229 1668 de
2257 1628 2454 1681 Faaburg.
2487 1652 2534 1659 —

313 1702 533 1757 Nyburqlc,
564 1702 754 1741 dominica
784 1705 929 1740 sanctae
959 1701 1157 1739 trinitatis.

706 1772 927 1814 Aktstykker
953 1774 1017 1804 etc.
1043 1771 1122 1812 udg.
1152 1771 1193 1802 af
1212 1771 1330 1814 Fyens
1357 1769 1409 1802 lit.
1436 1768 1556 1802 Selsk.
1582 1780 1613 1812 p.
1644 1769 1720 1802 123.

86 1839 141 1871 21.
169 1837 274 1871 Junii.
571 1834 716 1885 [1398]
775 1833 981 1873 CAP1TUL1
1023 1832 1223 1891 Rlpsswsrs
1269 1832 1407 1878 literae,
1458 1831 1604 1884 quibus
1646 1835 1835 1878 testatur,
1879 1831 2051 1884 priorem
2095 1831 2253 1884 capituli
2286 1830 2536 1871 Othiniensis

311 1909 572 1960 protestatum
600 1918 713 1950 esse,
743 1903 918 1942 “nullum
946 1904 1203 1956 praepositum
1220 1903 1292 1956 jus
1316 1901 1477 1954 aliquod
1498 1903 1535 1940 in
1569 1915 1704 1941 eorum
1738 1902 1911 1955 capitulo
1945 1900 2129 1941 habere”.
2152 1924 2205 1930 —
2230 1900 2301 1941 XI.
2334 1902 2406 1941 cal.
2429 1902 2535 1942 Julii.

702 1973 935 2017 Pontoppidan
960 1973 1098 2006 Annall.
1124 1972 1205 2005 eccl.
1230 1975 1318 2005 Dan.
1343 1973 1371 2005 Ι.
1397 1972 1571 2005 ’759-60,

91 2041 140 2073 15.
175 2039 269 2072 Julii.
568 2036 723 2085 [1399]
780 2035 906 2074 Erucl
937 2036 1042 2087 regis
1072 2035 1339 2088 privilegium,
1369 2034 1520 2073 civibus
1550 2032 1798 2087 Ripensibus
1830 2032 1984 2080 datum,
2014 2046 2093 2086 quo
2123 2031 2172 2072 ab
2204 2033 2307 2071 omni
2338 2033 2535 2074 solutione

306 2108 476 2147 thelonei
506 2108 542 2145 in
573 2106 755 2145 nundinis
785 2105 1093 2151 Scaniensibus,
1125 2105 1255 2143 “sicut
1283 2103 1429 2157 ubique
1459 2106 1559 2144 intra
1587 2105 1775 2143 terminos
1804 2105 1913 2155 regni
1942 2117 1965 2142 a
2001 2103 2199 2142 solutione
2236 2102 2410 2143 thelonei
2439 2109 2534 2145 sunt

309 2179 515 2231 exempti'’,
546 2177 654 2217 liberi
685 2176 942 2215 declarantur.
972 2198 1025 2203 —
1054 2175 1195 2227 Ripis,
1226 2174 1361 2213 idibus
1391 2173 1503 2212 Julii.

699 2249 873 2290 Terpager
897 2246 991 2289 Ripae
1018 2245 1154 2278 Cimbr..
1175 2256 1205 2288 p.
1230 2244 1312 2277 689.
1359 2246 1446 2277 Dan.
1472 2244 1614 2287 interpr.
1641 2254 1694 2287 ap.
1723 2243 1888 2286 Galthen‚
1915 2243 2038 2276 Beskr.
2064 2253 2117 2275 ov.
2142 2242 2229 2275 Bibe
2253 2255 2286 2287 p.
2318 2244 2488 2279 162—63.

55 2315 104 2346 13.
126 2314 282 2356 Augusti.
569 2304 726 2357 [1400]
786 2308 997 2359 Quitancia
1032 2307 1255 2346 JOHANNIS
1295 2306 1532 2352 emmam,
1575 2307 1808 2345 mercatoris
1847 2305 1996 2344 Lucani
2033 2304 2081 2343 de
2119 2307 2313 2346 societate
2341 2307 2531 2347 Ruehiar-

308 2379 479 2424 diorum,
510 2391 587 2431 qua
615 2392 660 2417 se
690 2379 842 2417 nomine
872 2377 1066 2417 Jobannis
1096 2377 1274 2430 episcopi
1306 2377 1525 2416 Tusculani
1555 2390 1625 2429 pro
1657 2376 1866 2427 legationis
1891 2389 1973 2414 suae
1997 2389 2066 2428 per
2089 2389 2232 2414 annum
2255 2377 2535 2428 praedicatione

312 2448 413 2503 133}
442 2462 593 2487 marcas
621 2449 708 2501 puri
737 2450 886 2500 argenti
917 2463 938 2487 a
976 2449 1165 2500 magistro
1197 2448 1388 2493 Astraeo,
1433 2447 1621 2486 canonico
1652 2446 1842 2499 Ripensi,
1888 2447 1972 2485 vice
2008 2446 2186 2485 ecclesiae
2221 2447 2433 2499 Ripensis,
2477 2462 2532 2488 re-

309 2519 465 2570 cepisse
494 2522 670 2558 testatur.
702 2540 750 2547 —-
784 2518 957 2572 Bryqz's,
988 2519 1024 2556 in
1058 2517 1160 2556 festo
1181 2517 1294 2555 'beati
1325 2516 1476 2570 Ypoliti
1505 2519 1702 2570 martyris.

701 2590 876 2631 Terpager
900 2588 994 2632 Ripa:
1021 2587 1150 2620 Cimbr.
1177 2599 1209 2630 p.
1235 2587 1385 2620 92—93.

57 2651 107 2744 ¹⁸¹·
128 2651 286 2743 ‘ing-susq,
570 2660 725 2708 [1401]
781 2660 923 2700 Literae
949 2660 1216 2700 Macu'rirmis
1248 2661 1446 2712 quondam
1470 2660 1604 2699 Daeiae
1628 2660 1784 2711 reginae,
1817 2658 1960 2711 quibus
1985 2658 2166 2698 omnibus
2190 2662 2277 2700 suis
2309 2662 2529 2715 oppidanis,

54 2723 92 2744 vc
134 2722 165 2743 ;).
193 2716 283 2754 ῥίῳ.

311 2727 459 2766 colonis
488 2732 526 2767 et
555 2728 776 2768 bominibus
807 2731 842 2768 in
868 2731 1020 2783 judicio
1051 2730 1358 2770 Eckerneuorde
1388 2731 1618 2769 constitutis
1649 2735 1784 2769 notum
1815 2730 1928 2775 facit,
1961 2729 2066 2781 quod
2096 2729 2204 2769 fratri
2235 2745 2309 2770 suo
2335 2733 2410 2771 dno
2435 2733 2529 2774 Ger-

312 2795 456 2841 hardo,
501 2799 629 2836 comiti
668 2799 902 2847 Holtzacife,
947 2815 1098 2840 omnem
1139 2800 1404 2839 haereditatem
1446 2815 1561 2840 suam
1598 2799 1881 2850 mechtildis),
1927 2800 2013 2838 sive
2050 2798 2152 2838 bona
2190 2801 2288 2840 inter
2327 2802 2449 2842 Sliam
2492 2807 2532 2843 et

311 2863 507 2915 Eydoram
531 2868 618 2913 sita,
644 2868 822 2907 dedisset
837 2873 874 2907 et
891 2871 1124 2909 contulisset
1139 2874 1329 2923 perpetuo
1353 2870 1611 2923 possidenda.
1628 2893 1680 2898 —
1701 2868 1948 2917 Οἰοεωησνθ,
1975 2870 2010 2907 in
2035 2870 2166 2921 vigilia
2183 2870 2317 2923 Magni
2334 2874 2530 2925 martyris.

701 2939 916 2980 Lagei-bring
940 2943 1030 2972 Svca
1054 2940 1164 2972 Rikes
1190 2940 1282 2972 nist.
1308 2941 1352 2973 11.
1377 2941 1457 2973 878.
1506 2940 1698 2973 Michelsen
1726 2939 2102 2972 Urkundensammlfl.
2132 2939 2208 2972 125.

86 3014 119 3045 5.
143 3012 275 3056 Septbr.
575 3008 728 3056 [1402]
785 3009 1059 3050 XVALDEMARI
1099 3013 1213 3052 ducis
1251 3013 1366 3052 Jutiae
1405 3013 1545 3058 literae,
1582 3011 1727 3065 quibus
1765 3012 1918 3050 villanis
1956 3013 1992 3050 in
2033 3011 2216 3064 Faaborg
2252 3013 2454 3055 libertates
2490 3020 2530 3055 et

308 3077 419 3128 jura,
450 3089 534 3128 quae
563 3077 612 3114 iis
641 3077 916 3119 XValdemarus
946 3085 983 3120 et
1011 3081 1132 3128 Abel,
1177 3082 1374 3135 quondam
1412 3096 1528 3134 reges
1564 3081 1716 3127 Daciae,
1760 3085 1878 3134 atque
1915 3081 2059 3121 Ericus
2097 3082 2176 3121 dux
2214 3083 2330 3122 Jutiae
2367 3099 2528 3126 conces·

311 3150 454 3190 serant,
485 3147 696 3191 conlirmat,
727 3146 966 3188 “abusiones
991 3151 1182 3203 singulas,
1214 3166 1314 3204 quas
1340 3153 1515 3205 praedicti
1542 3151 1668 3190 villani
1694 3153 1818 3190 nostri
1846 3151 2038 3191 hactenus
2062 3153 2098 3190 in
2123 3155 2446 3195 consvetudinem
2463 3156 2527 3196 de·

311 3215 539 3260 duxerunt'‘‚
555 3217 616 3254 “ln
635 3216 805 3254 irritum‘’
825 3225 990 3267 revocat,
1007 3234 1158 3273 cosque
1174 3222 1249 3261 sub
1266 3223 1508 3273 protectione
1525 3235 1596 3262 sua
1608 3221 1960 3274 specialisuscipit.
1973 3223 2299 3276 —Hatlea’rsless
2318 3227 2421 3274 (sine
2433 3227 2525 3277 die).

700 3286 918 3330 Aktstykker
945 3293 1008 3324 etc.
1036 3290 1115 3332 udg.
1141 3291 1181 3323 af
1202 3292 1318 3334 chns
1345 3292 1395 3325 lit.
1421 3292 1536 3325 Selsk.
1563 3302 1596 3335 p.
1627 3291 1701 3324 121.
1751 3291 1824 3324 cfr.
1848 3291 1953 3324 Subm
1980 3292 2070 3325 Hist.
2101 3294 2142 3326 af
2162 3295 2310 3327 Danmk.
2336 3297 2399 3328 XI.
2423 3297 2479 3329 35.
