2649 3686
750 104 905 155 Kosa
941 106 1283 160 Cnmsmrrnn
1318 127 1416 160 DEN
1449 111 1651 160 ANnEx.
2201 122 2321 181 227·

357 274 513 323 [1884]
572 275 897 319 Cnmsrornom
940 282 1046 333 regis
1089 284 1328 323 confirmatio
1365 285 1559 337 generalis
1594 285 1883 338 privilegiorum
1920 289 2143 326 monasterii
2179 288 2295 329 Esro-
2367 294 2480 334 ww.

22 354 23 357 ’
95 344 258 383 mensis.
286 366 340 372 —
371 343 700 398 Saxcekopinqh,
730 349 864 400 quinta
895 350 989 390 feria
1020 366 1129 405 prox.
1159 358 1249 393 ante
1278 354 1381 394 (lieni
1412 353 1450 393 h.
1479 354 1614 394 Mariae
1643 354 1900 407 Magdalenae.
2274 377 2279 387 ι
2343 362 2392 395 17.
2417 365 2511 397 sulii.

483 415 669 456 Langebek
694 417 832 460 Scriptt.
859 420 919 452 lx.
1015 445 1023 453 .
1071 422 1154 456 cod.
1181 424 1316 457 Esrom.
1342 424 1403 457 fol.
1428 423 1557 457 Lvub.

352 474 509 524 [1885]
565 476 784 517 JOHAxNJs
822 479 1003 531 (xxlldi)
1041 497 1149 536 popa:
1179 484 1228 523 ad
1256 487 1471 539 episcopos
1500 487 1605 538 regni
1634 485 1770 525 Daniae
1799 485 1923 533 bulla,
1965 500 2041 539 qua
2079 489 2293 528 secundum
2332 498 2385 531 21.
2419 501 2512 534 Julii.

91 557 231 598 preces
258 543 390 597 Elgeri
421 545 596 598 (Esgeri)
627 548 916 602 archicpiscopi
946 551 1194 600 Lundensis,
1238 556 1302 607 qui
1330 559 1412 594 tuin
1443 556 1633 608 temporis
1663 556 1800 595 Romae
1829 556 1997 607 degebat
2024 571 2093 610 pro
2124 560 2294 609 negotiis·

0 601 2 618 ρ
63 615 268 672 ‘ecclesiae
304 615 535 655 Lundensis
573 620 613 656 et
651 618 828 658 ecclesia:
867 623 988 660 totius
1024 622 1183 670 Daniae,
1225 626 1276 664 iis
1307 626 1508 678 prohibet,
1547 639 1594 665 ne
1624 630 1778 678 “usque
1815 626 1863 664 ad
1894 628 2046 665 instans
2075 629 2291 679 proximum

89 688 292 725 venturum
324 685 471 725 festum
501 687 715 727 nativitatis
744 689 916 728 ‹lomini'‘
959 693 1044 731 sine
1074 707 1273 733 consensu
1309 696 1597 749 archiepiscopi
1635 695 1960 748 Cliristoplnorum
1992 696 2125 735 Daniae
2162 698 2292 749 regen}

89 755 319 808 inaugurare
352 761 613 807 praesumant,
656 772 744 796 cum
780 772 802 798 a
832 759 1058 801 fundatione
1088 762 1317 803 Lundensis
1357 765 1533 805 ecclesiae
1573 766 1817 805 consvetudo
1856 766 1992 813 fuerit,
2031 770 2074 806 ut
2102 767 2291 820 archiepi-

86 837 237 879 scopus
279 839 410 878 regem
441 825 577 866 Daniae
621 827 788 867 electum
832 830 1033 882 inungeret
1074 838 1114 872 et
1150 834 1371 874 diademate
1409 840 1627 875 coronaret.
1669 859 1723 865 —
1764 837 1987 886 Avinz‘one,
2029 836 2098 877 lX.
2141 838 2292 877 calend.

86 894 281 947 Augusti,
310 895 448 948 pontis.
478 910 580 936 anno
610 896 677 936 lv,
1492 945 1495 948 Α

479 967 649 1010 Raynald.
675 968 812 1003 Contin.
839 972 962 1004 Baron.
988 972 1028 1004 ad
1051 983 1127 1005 ann.
1157 972 1256 1007 1:310.
1281 975 1344 1007 vl.
1371 977 1466 1007 Tom.
1491 976 1537 1009 V.
1562 986 1594 1019 p.
1624 975 1698 1008 128.

347 1027 502 1077 [1886]
562 1028 990 1084 Cnmsrorssm.regis
1021 1033 1151 1081 literae,
1181 1035 1326 1088 quibus
1355 1037 1556 1076 confirmat
1584 1037 1787 1090 privilegia
1813 1039 2040 1078 monasterii
2070 1040 2109 1078 in
2141 1038 2284 1079 Ehble-
2309 1044 2341 1077 5.
2365 1047 2520 1088 Augusti.

84 1094 179 1135 holt.
208 1118 261 1126 —-
289 1096 522 1147 matildis,
553 1098 620 1138 Ill.
648 1100 743 1139 seria
772 1103 947 1154 proxima
972 1107 1061 1142 ante
1091 1104 1191 1144 diem
1221 1103 1258 1144 b.
1287 1105 1502 1145 Laurentii.

475 1170 664 1211 Langebek
690 1171 827 1215 Scriptt.
852 1172 914 1205 VI.
945 1172 1111 1206 169—70.

345 1229 502 1280 [1887]
520 1233 531 1237 ’
561 1231 882 1272 ΟΗιιιεΤοΡΗοιιι
911 1232 1111 1273 Danorum
1142 1227 1425 1290 Slavorun'ique
1450 1239 1555 1290 regis
1583 1236 1717 1286 literae,
1747 1238 1890 1292 quihus
1912 1239 2070 1280 villanis
2092 1242 2128 1279 in
2151 1240 2286 1281 Flens-
2314 1240 2365 1273 16·
2386 1242 2543 1283 Augusti.

82 1296 180 1351 horg
208 1297 408 1339 licentiam
439 1301 644 1351 concedit,
683 1302 880 1342 nundinas
910 1303 1181 1344 Scanorenses
1221 1310 1260 1345 et
1296 1307 1395 1346 alias
1433 1321 1687 1361 quascunque
1727 1314 1859 1361 partes
1896 1311 2003 1362 regni
2032 1324 2121 1349 cum
2150 1312 2285 1350 merci-

53 1389 64 1401 ι
82 1369 227 1408 moni1s
257 1369 518 1422 frequentare,
550 1373 602 1411 ita
629 1376 673 1411 ut
696 1373 964 1413 tantummodo
989 1378 1217 1414 eonsvetum
1247 1376 1433 1415 telonium
1463 1378 1630 1416 solvant.
1658 1400 1705 1406 —
1735 1379 1921 1420 Othonia?
1944 1380 2021 1430 (vel
2041 1380 2284 1429 Orolzolmce)

82 1439 119 1477 in
148 1441 320 1480 crastino
350 1443 612 1481 assumtionis
640 1443 790 1482 Mariae.

475 1512 594 1545 Seelcn
619 1512 836 1545 Memorabil.
861 1513 1066 1557 Flensburg.
1101 1526 1132 1558 p.
1167 1514 1247 1548 265.
1307 1516 1496 1559 Langebek
1527 1517 1664 1562 Scriptt.
1696 1519 1776 1552 VII.
1809 1518 1888 1551 319.
1947 1519 2023 1553 cfr.
2057 1518 2160 1552 Suhm
2191 1519 2283 1552 nist.

475 1574 516 1606 af
536 1575 684 1608 Danmk.
709 1576 790 1608 XII.
819 1576 873 1610 16.

343 1634 498 1685 [1888]
559 1636 878 1677 Cuius-romoni
908 1637 1106 1676 Danorum
1137 1637 1419 1691 Slavorumque
1448 1640 1553 1690 regis
1577 1643 1618 1678 et
1641 1640 1754 1679 ducis
1777 1639 1953 1680 Estoniae
1976 1641 2108 1689 literae,
2134 1642 2280 1695 quibus
2304 1649 2359 1681 20.
2381 1652 2537 1693 Augusti.

82 1703 288 1756 privilegia
317 1704 696 1746 Stralsundensibus
725 1709 764 1746 in
793 1707 976 1747 nundinis
1006 1706 1320 1746 Scanorensihus
1349 1707 1439 1747 data
1468 1709 1680 1748 confirmat.
1710 1733 1758 1738 —
1798 1710 2154 1764 ll'ortlae'rquorqlz,
2184 1712 2280 1752 seria

78 1771 148 1811 lv.
177 1778 272 1827 post
299 1777 588 1816 assumtionem
617 1778 766 1817 Mariae.

473 1847 650 1880 Sar-torius
677 1848 800 1880 Gesch.
827 1847 859 1882 d.
883 1849 1000 1880 Hanse
1024 1847 1074 1880 ed.
1100 1847 1332 1890 Lappenberg.
1359 1849 1402 1881 11.
1425 1858 1480 1881 no.
1506 1846 1706 1883 cxxvlld.
1731 1861 1762 1893 p.
1786 1851 1865 1883 302.

341 1907 498 1958 [1889]
555 1909 707 1949 Boern
739 1908 893 1948 abbatis
921 1909 1169 1948 Vitaescholae
1200 1913 1240 1947 et
1268 1913 1485 1949 conventus
1515 1910 1694 1963 ejusdem
1719 1914 1948 1951 monasterii
1972 1912 2104 1961 literae,
2135 1913 2278 1967 quibus
2302 1920 2357 1954 29.
2384 1923 2514 1966 septbr.

77 1975 259 2017 Esberno
287 1981 501 2031 praeposito
530 1979 771 2032 Viburgensi
809 1983 849 2018 et
882 1980 1025 2018 ceteris
1054 1979 1254 2018 canonicis
1290 1979 1469 2032 ejusdcm
1507 1980 1685 2020 ecclesiae
1720 1981 1824 2020 bona
1853 1996 1928 2021 sua
1964 1983 2000 2021 in
2029 1982 2161 2022 Lessii
2191 1996 2276 2022 sco-

76 2051 182 2095 tant,
213 2051 484 2089 consentiente
514 2048 633 2088 Petro
663 2049 804 2088 abbate
832 2048 1077 2088 Esrolnensi.
1109 2071 1156 2076 —
1187 2048 1262 2087 Die
1291 2048 1329 2087 b.
1359 2048 1566 2088 Michaelis
1595 2050 1830 2103 archangeli.

469 2121 557 2152 Dan.
582 2120 743 2152 Biblioth.
768 2120 830 2152 VI.
859 2118 1023 2151 183—84.
1082 2117 1314 2161 Pontoppidan
1339 2118 1479 2150 Annall.
1505 2119 1586 2151 eccl.
1611 2121 1696 2154 Dan.
1722 2121 1765 2154 11.
1794 2121 1868 2154 121.

337 2179 493 2229 [1890]
555 2181 875 2221 Cnmsropnom
905 2181 1010 2232 regis
1046 2179 1185 2226 literae,
1227 2179 1370 2232 quibus
1409 2182 1691 2220 “annexionem
1730 2186 1770 2221 et
1803 2187 2031 2235 perpetuam
2069 2184 2276 2223 unionem''
2300 2189 2334 2222 8.
2371 2190 2506 2223 Octobr.

75 2249 256 2288 ecclesiae
285 2229 453 2302 *Wasby
488 2250 719 2290 Lundensis
757 2250 955 2289 dioecesis
998 2253 1037 2299 et
1077 2248 1314 2301 praebendae,
1359 2262 1474 2302 quam
1512 2250 1705 2302 quondam
1744 2253 1868 2290 tenuit
1903 2252 1953 2290 D.
1991 2252 2142 2301 Guido,
2184 2258 2275 2293 tunc

74 2323 205 2359 autem
227 2319 278 2358 D.
301 2308 539 2360 wilhelmus
561 2320 692 2360 Krach
719 2320 846 2372 legum
875 2319 1043 2365 Doctor,
1073 2318 1220 2357 domini
1248 2332 1358 2371 papae
1388 2319 1615 2371 capellanus
1644 2323 1684 2359 et
1710 2321 1936 2361 Lundensis
1961 2323 2137 2362 ecclesiae
2162 2336 2275 2362 cano·

75 2390 210 2436 nicus,
239 2389 443 2443 approbat.
475 2413 523 2419 —
564 2391 619 2430 W
618 2389 932 2442 orthiiquzcrqlz,
963 2390 999 2426 in
1029 2388 1205 2440 profesto
1235 2388 1273 2427 b.
1301 2388 1499 2440 Dionysii.

467 2460 683 2502 Lagerbring
707 2462 792 2492 Svea.
816 2459 925 2491 Rikes
950 2457 1103 2490 Historia
1126 2457 1187 2490 111.
1213 2457 1291 2491 216.

335 2521 492 2570 [1891]
550 2522 715 2569 Literae‚
760 2520 902 2574 quihus
938 2519 1173 2558 Ham-nicus
1218 2519 1295 2557 dux
1325 2520 1486 2567 Sleziae,
1529 2520 1712 2559 dominus
1753 2521 1802 2561 de
1844 2521 2110 2575 Furstenberg
2150 2528 2190 2563 et
2231 2526 2268 2563 in
2301 2530 2334 2564 9.
2361 2532 2497 2566 Octobr.

72 2591 228 2638 Jawor,
271 2605 366 2631 sese
404 2592 572 2645 obligat,
613 2593 696 2643 regi
734 2590 1016 2643 Christophoro
1047 2591 1214 2643 ejusque
1257 2589 1393 2628 liberis
1429 2590 1633 2629 consilium
1672 2594 1712 2629 et
1747 2592 1948 2630 servitium
1985 2596 2182 2644 praestare.
2220 2616 2267 2622 —

79 2660 467 2715 Wortinqenbmch,
499 2662 588 2701 Vll.
618 2662 708 2701 idus
739 2660 936 2700 Octobris.

466 2732 569 2765 Suhm
595 2731 686 2765 nist.
712 2732 752 2763 af
770 2731 913 2763 Danmk.
937 2729 1017 2762 XII.
1042 2727 1211 2768 331—32.
1880 2759 1890 2767 .

333 2792 489 2842 [1892]
545 2793 679 2832 Pnrm
709 2792 918 2840 Gnunnn,
947 2791 1155 2830 JOHANle
1187 2788 1396 2838 Grannona,
1424 2790 1638 2831 JonAnms
1671 2792 1811 2832 Οιᾼνι
1841 2797 1881 2832 et
1915 2792 2102 2832 Amnnnss
2128 2793 2264 2835 Onu-1
2298 2798 2331 2830 9.
2358 2799 2493 2833 Octobr.

12 2852 17 2857 ’
70 2862 218 2910 literae,
249 2862 395 2915 quibus
434 2864 552 2902 omni
571 2864 651 2916 juri
689 2861 932 2901 haereditario
970 2861 1007 2898 in
1043 2859 1144 2898 bona
1173 2858 1385 2898 Hermanni
1424 2861 1581 2899 comitis
1610 2860 1659 2900 de
1689 2860 1828 2901 Gliken
1857 2863 1895 2901 in
1925 2862 2078 2915 Sfirbye
2107 2867 2148 2902 et
2175 2865 2266 2904 Sor-

68 2930 261 2984 byefang,
304 2946 388 2985 quae
425 2934 544 2986 priori
582 2936 623 2971 et
659 2931 843 2971 fratribus
878 2927 1277 2970 Anderskovensibus
1320 2929 1608 2982 oppignorando
1652 2935 1892 2979 scotaverat,
1936 2934 2175 2972 renunciant.
2216 2957 2264 2963 —

67 3000 145 3041 Die
175 3001 362 3054 Dionysii
391 3006 431 3041 et
460 3003 670 3041 sociorum.

418 3099 425 3102 .
463 3073 552 3105 Dan.
578 3071 738 3104 Biblioth.
764 3070 824 3103 111.
854 3069 1020 3103 167—68.

332 3135 488 3185 [1893]
546 3135 708 3188 “Leges
736 3138 845 3174 terrae
874 3133 1036 3181 Imbriae,
1067 3146 1166 3186 quas
1195 3135 1493 3185 acceptaverant
1520 3135 1704 3187 pociores
1732 3136 1836 3178 illius
1864 3140 1986 3185 terrae,
2015 3138 2051 3177 si
2081 3137 2263 3179 dominus

68 3220 134 3247 rex
166 3220 407 3247 consensum
436 3205 606 3245 voluerit
634 3203 856 3243 adhihere”.
887 3225 936 3231 —
969 3202 1062 3241 Sine
1092 3215 1205 3241 anno.

462 3275 567 3308 Suhm
591 3274 682 3308 nist.
709 3274 750 3307 af
769 3273 913 3306 Danmk.
938 3272 1017 3305 ΧΠ.
1042 3282 1073 3315 p.
1099 3270 1268 3307 332-36.
1294 3271 1358 3306 cfr.
1383 3282 1416 3316 p.
1444 3272 1496 3309 18.

1972 3341 2046 3382 29*
