2649 3686
970 133 1342 181 Ix‘rnnnmxnm.
2161 134 2257 183 261

317 301 475 351 [2179]
534 302 685 342 Jacom
732 318 910 356 personae
954 305 1133 345 ecclesiae
1176 306 1323 345 Annaes
1365 308 1405 345 et
1444 304 1644 357 pra‘positi
1689 304 1726 343 in
1770 303 2084 349 Holmbohaeret‚
2127 304 2258 346 Pmm
2332 303 2445 343 1339.

57 373 222 412 rectoris
250 372 430 412 ecclesiae
459 371 682 413 Gresholtae
713 378 753 412 et
781 374 989 414 anorm
1022 376 1187 414 rectoris
1225 375 1404 415 ecclesiae
1440 373 1692 420 Maarthoem,
1735 373 2005 420 sacerdotum,
2048 373 2260 414 JonAtvxns
2301 371 2351 404 ΓΖ·
2385 374 2479 405 ³⁰¹³}-

56 443 333 482 Amunnffison
363 446 403 481 et
431 441 675 481 Lamiam
706 443 893 483 Joonson
927 435 1191 484 testimoninm
1222 445 1270 484 de
1299 445 1415 484 bonis
1445 446 1482 484 in
1515 443 1729 497 Waeghhy,
1760 444 1998 482 monasterio
2027 442 2261 482 Esromensi

56 525 126 565 per
152 511 376 550 Svenonem
406 511 553 551 dietum
583 512 770 565 Dyaghn⁹
801 515 955 554 nomine
986 515 1090 554 Petri
1121 515 1366 566 Magnusson
1396 514 1552 560 militis,
1596 515 1632 552 in
1662 513 1808 566 placito
1838 513 2046 565 provinciae
2076 513 2263 552 Holmbo-

56 581 198 628 haeret,
227 582 411 621 scotatis.
456 603 500 609 —
541 582 633 621 Dat.
664 584 700 621 in
731 584 903 623 secunda
934 585 1030 624 seria
1059 586 1233 639 proxima
1262 589 1356 638 post
1384 584 1530 624 festum
1561 583 1666 623 beati
1696 583 1844 622 Kanuti
1876 585 1981 636 regis
2011 587 2049 623 et
2078 584 2262 636 martyris

53 655 96 691 et
123 654 347 690 sanctorum
376 655 589 703 martyrum
621 657 774 705 septem
806 654 979 693 fratrum.

444 721 549 754 Suhm
576 722 666 755 nist.
693 723 732 755 af
753 724 898 756 Danmk.
925 726 1004 758 ΧΠ.
1030 725 1203 758 420—21.
1264 725 1348 758 Cod.
1373 725 1509 756 Esrom.
1535 723 1596 756 fol.
1623 721 1806 756 cxxnlb.

314 793 466 841 [2180.]
524 793 656 834 Pss'rm
687 798 866 849 episcopi
899 797 1179 838 Otthonicnsis
1208 798 1348 844 literae,
1378 795 1522 849 quihus
1552 797 1739 849 imperat,
1768 800 1811 835 ut
1841 796 2028 850 oppidum
2058 795 2268 848 Ragelund
2292 801 2324 835 2.
2349 803 2520 845 Augusti?

54 868 208 920 spectet
249 864 299 904 ad
342 864 568 918 parochiam
614 866 788 913 Aasum,
831 870 948 919 atque
993 869 1175 920 oppidani
1216 868 1426 907 ecclesiam
1464 866 1616 905 Aasum
1655 867 1817 905 visitent
1855 868 1971 920 eique
2008 867 2184 905 decimas
2228 870 2268 905 et

57 922 279 975 oblationes
307 935 464 974 saciant.
493 958 545 963 —
576 935 721 974 Datum
754 950 854 975 anno
885 937 1030 975 domini
1060 937 1330 977 MCCCXXX
1359 951 1460 976 nono
1491 965 1664 974 .......
1693 951 1804 990 papae
1835 942 1874 976 et
1903 937 2098 989 martyris.

444 1005 677 1048 Pontoppidan
701 1006 838 1039 Annali.
865 1006 945 1038 eccl.
972 1009 1056 1039 Dan.
1082 1008 1124 1040 ll.
1151 1020 1181 1051 p.
1211 1007 1378 1040 156-57.
1428 1006 1501 1039 Cfr.
1527 1006 1631 1038 Suhm
1659 1006 1749 1038 nist.
1776 1007 1817 1039 af
1830 1008 1974 1039 Danmk.
2000 1007 2079 1039 XII.
2104 1006 2184 1039 307.

314 1078 471 1127 [2181]
530 1078 666 1117 Pn'rnl
699 1078 987 1132 archiepiscopi
1017 1079 1264 1128 Lundcnsis,
1306 1079 1530 1118 Romamn
1566 1079 1789 1131 praepositi,
1832 1079 1963 1119 Pn’rm
2003 1079 2192 1119 cellerarii
2223 1081 2263 1117 et
2285 1087 2343 1120 30.
2369 1088 2499 1129 Septhr.

53 1147 187 1188 Pie-rm
218 1147 268 1187 de
295 1147 421 1201 Nym,
451 1149 628 1187 canonici
660 1149 841 1201 ejusdem
872 1149 1073 1196 ecclesian,
1114 1164 1184 1188 nec
1216 1164 1289 1189 non
1319 1149 1378 1188 XI
1407 1149 1572 1188 militum
1603 1149 1721 1188 literae
1752 1150 2038 1190 testimoniales
2068 1149 2116 1188 de
2146 1149 2265 1201 placi-

53 1219 198 1258 tatione
228 1219 329 1257 inter
357 1231 487 1270 regem
517 1217 704 1269 Magnum
735 1223 775 1257 et
802 1218 1019 1258 Johannem
1051 1220 1226 1259 Officson
1255 1221 1434 1267 militem,
1463 1221 1528 1261 die
1558 1222 1601 1260 S.
1630 1222 1804 1273 Remigii
1841 1222 1894 1269 (l.
1925 1219 2103 1269 Octobr.)
2135 1218 2264 1271 ejusd.

53 1289 142 1328 anni
172 1289 288 1335 inita,
317 1301 394 1341 qua
423 1286 624 1326 Offaesson
657 1289 737 1339 regi
769 1290 901 1327 turrim
932 1303 1044 1328 suam
1075 1290 1266 1342 lapideam
1299 1291 1335 1328 in
1359 1289 1572 1330 Lindholm
1598 1293 1785 1344 resignat,
1815 1296 1890 1331 ete.
1917 1290 2070 1339 [ultima
2088 1288 2264 1337 desunt}

54 1380 102 1387 -—
133 1359 260 1412 Apud
287 1365 467 1398 castrum
496 1357 821 1410 Helsinqborqlc,
852 1359 915 1397 (lie
944 1358 1145 1411 Jeronymi
1175 1359 1433 1398 confessoris.

446 1427 586 1460 Norske
611 1429 806 1470 samlinger
830 1430 875 1462 V.
901 1428 1070 1462 568—72.

315 1500 472 1550 [2182]
530 1502 804 1541 XVALnrfflAm
844 1501 966 1540 Juciae
1006 1502 1120 1541 ducis
1157 1502 1348 1555 diploma,
1391 1517 1470 1556 quo
1500 1503 1660 1542 domino
1691 1503 1837 1542 sifrido
1868 1502 1915 1541 de
1946 1501 2108 1541 Sesteth
2147 1500 2261 1539 militi
2286 1508 2343 1543 27.
2375 1510 2496 1542 Decbr.

53 1577 93 1614 et
120 1571 345 1613 haeredibus
374 1573 464 1625 ejus
493 1571 597 1611 hona
628 1586 701 1612 sua
732 1573 860 1611 onmia
892 1573 928 1610 in
960 1572 1174 1624 Gamclby,
1211 1575 1362 1612 tertiam
1391 1576 1541 1624 partem
1581 1573 1678 1612 villoe
1707 1573 1843 1618 Losae,
1888 1571 2085 1612 dimidiam
2112 1575 2263 1623 partem

52 1642 264 1683 molendini
294 1643 448 1696 Snape,
493 1646 647 1681 sextam
677 1646 827 1695 partem
858 1642 965 1681 silvae
996 1642 1155 1694 Gelting
1184 1642 1290 1694 apud
1317 1642 1562 1691 Bukhauen,
1607 1643 1683 1682 duo
1713 1643 1802 1682 boel
1833 1643 1869 1680 in
1901 1640 2114 1693 Geltingh,
2158 1640 2263 1679 ssuk-

51 1713 180 1753 hauen
209 1727 299 1752 cum
327 1713 552 1752 molendino
583 1716 623 1751 et
652 1712 779 1751 insula
809 1711 961 1759 Gaath‚
999 1716 1037 1751 et
1067 1717 1187 1751 totam
1218 1712 1346 1750 villam
1374 1712 1512 1751 Lehek
1542 1714 1777 1765 impignorat
1804 1726 1875 1764 pro
1905 1711 2061 1749 duobus
2090 1709 2263 1748 millibus

51 1797 267 1823 marcarum
308 1785 395 1836 puri
438 1783 587 1835 argenti
632 1785 672 1821 et
713 1783 914 1821 sexcentis
957 1783 1099 1821 marcis
1141 1783 1388 1821 denariorum
1430 1781 1738 1822 Luhecensium.
1793 1803 1843 1809 —
1897 1779 2106 1828 Slesviilc,
2159 1780 2261 1819 sesto

54 1853 248 1893 Johannis
278 1853 448 1906 aposloli
478 1857 518 1892 et
547 1852 812 1904 evangelistae.

443 1923 573 1957 Archiv
599 1924 657 1956 fiir
681 1925 823 1955 Staats-
849 1921 915 1955 und
940 1921 1209 1963 Kirchengesch.
1235 1922 1294 1954 der
1317 1922 1609 1964 Herzogthiimer‚
1636 1921 1663 1953 1.
1688 1923 1726 1955 B.
1755 1922 1784 1954 Ι.
1810 1922 1910 1965 fleft,
1938 1932 1968 1964 p.
1993 1919 2140 1952 34—36.

1083 2074 1226 2123 1340.
2333 2089 2447 2129 1310.

314 2198 460 2251 [2183]
517 2198 684 2245 Literae,
728 2197 873 2251 quihus
901 2196 1106 2241 Boemzs,
1149 2194 1273 2233 abbas
1302 2193 1537 2242 Vitescolae,
1581 2198 1621 2234 et
1650 2198 1758 2234 totus
1797 2198 2014 2233 conventus
2043 2194 2261 2241 declarant,
2290 2196 2341 2230 13.
2374 2199 2516 2231 Januar.

53 2284 98 2310 se
125 2256 341 2323 praeposito
371 2273 412 2309 et
447 2269 619 2322 capitulo
659 2268 837 2307 ecclesiae
866 2266 1142 2318 &Vibergensis
1178 2264 1281 2303 hona
1318 2263 1494 2317 quaedam
1535 2265 1572 2303 in
1610 2263 1729 2304 Laesfi
1769 2265 2020 2303 alienarisse.
2066 2286 2113 2291 —
2167 2264 2260 2318 Wy-

53 2339 209 2394 berqis,
238 2340 277 2379 in
307 2344 447 2379 octava
476 2339 708 2392 epiphaniae.

445 2410 549 2443 Suhm
574 2408 665 2442 nist.
692 2408 733 2440 af
752 2406 898 2440 Danmk.
923 2404 1002 2437 XII.
1030 2404 1198 2437 422—23.

314 2481 470 2531 [2184]
528 2481 608 2520 Det
647 2480 849 2520 saakaldte
884 2477 1098 2530 Lybekske
1133 2477 1280 2528 Forliig
1320 2476 1475 2515 mollem
1513 2475 1616 2515 Grev
1655 2475 1866 2515 Gsauiann
1905 2476 1948 2515 af
1978 2476 2171 2515 Holstcen
2211 2492 2260 2529 og
2301 2486 2351 2518 ll.
2386 2487 2484 2519 Febr.

51 2552 204 2606 Hertug
232 2551 471 2593 VALDEMAR
511 2551 556 2589 as
581 2551 742 2603 Slesvig
779 2548 1005 2601 angaaende
1034 2546 1226 2593 Maaden,
1268 2546 1439 2598 hvorpaa
1476 2545 1777 2598 Norre-Jylland
1816 2545 1954 2585 skulde
1989 2545 2167 2585 indltises
2205 2547 2260 2586 fra

53 2622 210 2662 Greven
240 2622 300 2662 sor
327 2621 462 2662 43000
490 2621 605 2660 Mark
633 2620 751 2667 Salv,
779 2634 830 2658 m.
860 2632 896 2656 v.
927 2640 975 2645 —
1012 2617 1096 2656 Tho
1124 2615 1313 2665 Lubelce,
1344 2617 1416 2656 des
1445 2620 1634 2668 negesten
1666 2615 1858 2667 vrydagcs
1889 2629 1936 2653 na
1960 2615 2103 2654 sunthe
2127 2616 2261 2656 Scola-

53 2692 192 2732 steken
219 2692 346 2745 daghe
377 2692 446 2731 der
473 2691 685 2743 heylighen
710 2692 978 2743 juncvrowen.
2001 2685 2258 2738 (Plattydsk).

445 2762 656 2794 Dahlmanns
682 2756 1023 2793 Danmarksliistorie
1049 2756 1110 2788 ved
1136 2757 1282 2788 Jenssen
1308 2754 1335 2786 I.
1360 2752 1554 2787 666-672.
1611 2755 1682 2786 Paa
1706 2755 1847 2797 Dansk,
1890 2755 1964 2787 med
1990 2756 2128 2787 Datum:
2167 2758 2259 2788 Fre-

444 2823 550 2864 dagen
582 2822 648 2865 [ὃν
672 2825 722 2854 St.
757 2819 981 2853 scholasticae
1006 2820 1101 2858 Dag,
1140 2817 1202 2848 hos
1231 2815 1419 2856 Hvitfeldt,
1457 2817 1577 2848 Danm.
1602 2815 1710 2856 Riges
1735 2817 1841 2848 Krfin.
1867 2827 1898 2860 p.
1924 2816 2003 2849 465.
2062 2817 2131 2848 Paa
2154 2817 2259 2850 Latin

447 2888 581 2917 over-sat
607 2885 669 2917 hos
695 2885 887 2923 Pantanus,
912 2882 1037 2913 Rerum
1063 2878 1221 2911 Danicar.
1249 2877 1337 2910 nist.
1362 2877 1458 2910 Libr.
1483 2877 1562 2909 vll.
1589 2888 1619 2920 p.
1646 2877 1815 2910 -158—60.

315 2960 471 3010 [2185]
531 2961 703 2999 Smoms
743 2957 921 3011 episcopi
955 2954 1232 3006 VVibergensis
1270 2953 1412 3000 literae,
1463 2952 1606 3006 quibus
1653 2952 1783 2991 abbati
1826 2956 1866 2992 et
1904 2954 2112 2993 conventui
2148 2954 2257 2994 Vite·
2296 2959 2348 2992 11.
2385 2960 2483 2992 Febr.

55 3031 203 3072 scholae
231 3031 480 3071 collationem
511 3030 765 3069 ecclesiarum
796 3024 1005 3076 “Stranby‚
1036 3023 1141 3069 Alae,
1170 3023 1304 3073 Malug
1334 3025 1373 3061 et
1400 3022 1694 3074 Fatherstr0p”,
1725 3036 1747 3062 a
1775 3023 2140 3075 praedecessorihus
2170 3026 2256 3064 suis

10 3110 15 3121 '
53 3100 174 3141 Petro
202 3104 244 3142 et
266 3099 457 3140 Tuchone
487 3100 643 3145 saetam,
673 3097 894 3142 confirmat3
924 3098 1110 3146 praeterea
1141 3094 1385 3132 exactionem
1416 3092 1696 3145 episcopalem,
1727 3106 1810 3146 quae
1840 3093 1982 3133 dicitur
2011 3093 2258 3148 biscopretlc,

56 3175 98 3212 et
124 3171 236 3224 plura
263 3170 465 3224 privilegia
497 3170 546 3208 iis
575 3167 768 3207 concedit.
799 3186 845 3193 —
877 3164 953 3203 Die
984 3162 1178 3202 Valentini
1209 3162 1395 3201 martiris.

444 3240 533 3272 Dan.
558 3238 716 3271 Bibliotlr.
741 3235 804 3269 Vl.
833 3233 1000 3267 162-63.
