2649 3686
323 97 422 148 458
1012 94 1166 142 KoxG
1202 89 1475 140 CamsTIAN
1509 105 1607 137 Dm
1641 87 1850 135 Fo'RS‘rE.

134 269 251 310 1457.

89 339 141 371 Ιΐ.
175 338 298 372 Novbr.

89 532 143 566 1⁷.
174 533 298 566 Novbr.

91 786 154 838 17.
174 805 301 839 Novbr.

92 1147 142 1178 18.
174 1145 299 1178 Novbr.

87 1559 140 1591 20.
172 1558 293 1590 Novbr.

323 271 581 318 indicaverat,
613 284 658 309 se
687 271 722 308 in
753 269 881 319 regnis
910 269 950 305 et
978 264 1156 303 dominiis
1186 262 1293 313 regis
1323 260 1372 299 de
1401 258 1600 298 beneficiis
1630 258 1916 298 ecclesiasticis
1945 258 2171 311 disponere,
2188 258 2312 305 nolle,
2349 259 2427 297 nisi
2456 272 2543 297 con-

323 355 449 381 sensu
477 344 516 380 et
544 339 842 393 praesentatione
870 336 976 386 regia
1005 337 1119 372 antea
1147 330 1356 370 affectatis.
1379 352 1432 358 —
1461 328 1512 368 In
1533 335 1674 368 castro
1698 328 2042 377 Stockltolmensz',
2071 326 2198 367 XVII.
2221 327 2371 366 mensis
2393 326 2544 367 Novhr.

719 404 949 447 Pontoppidan
984 401 1122 434 Annali.
1160 400 1284 432 eccleS.
1322 401 1411 432 Dan.
1447 398 1493 431 11.
1529 397 1704 431 617—18.
1735 397 1831 442 (cum
1865 409 1953 431 anno
1989 397 2121 442 14503).
2180 397 2367 439 Langebek
2404 397 2546 442 Scriptt.

717 470 797 500 Ber.
823 468 912 498 Dan.
937 464 1034 496 VIII.
1059 461 1230 494 378—79.

585 530 741 578 [4017]
801 527 1091 566 Cnnrsrinnm
1135 523 1240 574 regis
1283 521 1399 560 literae
1443 520 1493 561 ad
1534 520 1856 573 Portigalensem.
1891 520 2147 571 cardinalem,
2200 519 2345 573 quibus
2387 532 2547 559 causam

324 601 499 641 Marcelli
535 600 712 653 episcopi
749 601 787 636 et
823 595 1001 634 ecclesiae
1036 592 1309 631 Nidrosiensis
1346 592 1563 645 patrocinio
1601 592 1692 644 ejus
1728 590 1989 629 commendat.
2033 613 2087 619 —-
2129 590 2179 631 In
2217 597 2358 630 castro
2401 589 2549 629 Stock·

325 672 542 717 hulmensi,
573 670 633 708 die
661 665 789 706 XVII.
818 662 1067 704 Novembris.

715 734 951 777 Pontoppidan
975 732 1113 764 Annall.
1140 732 1263 765 eccles.
1289 733 1378 765 Dan.
1404 733 1449 765 11.
1480 732 1561 764 618.
1617 731 1806 772 Langebek
1839 729 1978 773 Scriptt.
2011 733 2094 764 Ber.
2126 733 2214 764 Dan.
2247 731 2350 764 VIII.
2376 730 2549 763 384-85.

587 797 744 847 [4018]
804 796 1095 835 Cirnlsrmnm
1127 795 1232 846 regis
1261 794 1380 832 literae
1408 794 1459 832 ad
1488 792 1722 832 cardinalem
1753 792 2068 840 Bononiensem,
2113 792 2259 846 quibus
2296 794 2385 845 ejus
2419 795 2549 845 patro-

325 873 427 912 cinio
457 868 701 909 commendat
730 866 895 906 Paulum
924 864 1214 911 Justinkmum,
1259 865 1491 917 episcopum
1521 863 1766 915 Bergensem
1795 867 1836 902 et
1863 867 2157 916 procuratorem
2188 877 2328 908 suum,
2372 876 2444 902 nec
2472 876 2549 901 non

326 955 486 982 causam
516 938 691 979 Marcelli
721 936 920 988 episcopi,
966 948 1082 987 quam
1120 949 1209 973 curn
1246 947 1366 973 causa
1396 933 1670 972 Nidrosiensis
1707 933 1889 972 ecclesiae
1917 932 2044 973 Paulo
2074 934 2267 987 episcopo
2297 933 2551 972 commissam

324 1026 417 1051 esse
447 1010 551 1049 dicit.
582 1031 631 1036 -
662 1007 710 1047 In
741 1014 880 1045 castro
911 999 1264 1052 Stoc'lclwlmensi,
1296 1004 1358 1042 die
1386 1003 1517 1042 XVII.
1546 1002 1800 1042 Novembris.

713 1076 899 1116 Langebek
925 1075 1065 1127 Scriptt.
1091 1075 1174 1107 Rer.
1202 1076 1286 1106 Dan.
1313 1074 1411 1106 VIII.
1436 1074 1516 1106 385.

584 1138 741 1187 [4019]
801 1137 1095 1176 Cnnlsrfflnxl
1126 1138 1232 1188 regis
1261 1136 1379 1174 literae
1410 1135 1461 1174 ad
1490 1135 1727 1174 cardinalem
1768 1136 1894 1174 sancti
1926 1135 2048 1182 Sixti,
2092 1135 2128 1173 in
2164 1134 2308 1188 quihus
2346 1134 2394 1173 de
2430 1133 2552 1173 Erico

324 1212 491 1266 quodam
523 1210 604 1262 (qui
634 1208 772 1246 dicitur
801 1209 946 1245 sanctae
975 1206 1153 1259 Birgittae
1185 1206 1322 1244 Romae
1351 1205 1539 1258 hospitali
1566 1201 1758 1258 praeesse)
1796 1206 1989 1258 queritur,
2033 1204 2190 1252 dicens,
2235 1220 2324 1244 eum
2361 1204 2555 1257 dilapida-

323 1283 425 1320 tione
457 1285 495 1320 et
525 1279 693 1332 quadam
724 1278 948 1330 perniciosa
978 1275 1183 1329 hypocrisi
1213 1275 1484 1314 damnabiliter
1514 1289 1773 1327 congregare,
1803 1279 1843 1315 et
1871 1275 2042 1314 avaritiae
2071 1289 2192 1328 prave
2222 1276 2444 1323 deservire,
2473 1288 2553 1329 qua

323 1351 371 1390 de
408 1366 448 1390 re
486 1350 601 1389 simul
639 1363 685 1387 ac
721 1348 770 1386 de
815 1360 936 1386 causa
974 1345 1151 1385 ecclesiae
1186 1342 1461 1385 Ndrosiensi's
1497 1346 1642 1385 referre
1680 1345 1805 1385 Paulo
1843 1346 2068 1385 Justiniano
2105 1347 2366 1386 commiserat.
2407 1369 2456 1375 -—
2501 1345 2553 1386 In

321 1429 459 1461 castro
490 1418 842 1466 Stockholmensi,
873 1417 937 1456 die
968 1415 1119 1455 XVIII.
1151 1415 1402 1455 Novembris.

716 1487 907 1530 Langcbek
935 1487 1075 1530 Scriptt.
1101 1489 1182 1519 Ber.
1207 1489 1293 1518 Dan.
1320 1486 1417 1519 VIII.
1442 1485 1615 1518 386-87.

580 1549 739 1599 [4020]
799 1549 1089 1589 Cnnls'rlnnxl
1115 1549 1219 1600 regis
1249 1548 1367 1587 litei-ze
1396 1547 1446 1586 ad
1477 1548 1584 1586 cives
1614 1547 1839 1586 Januenses
1861 1548 1910 1586 de
1932 1548 2154 1587 Justiniana
2175 1548 2373 1601 prosapia,
2406 1547 2554 1600 quibus

324 1621 512 1667 Paulum,
543 1621 772 1673 episcopum
804 1619 1071 1672 Bergensem,
1117 1633 1164 1658 ex
1195 1618 1331 1656 eadem
1361 1619 1549 1671 prosapia
1580 1619 1807 1665 oriundum,
1853 1622 2049 1670 gratanter
2079 1632 2123 1657 se
2152 1618 2356 1670 recepisse
2387 1617 2479 1656 dicit
2513 1621 2554 1657 et

322 1692 371 1730 ad
401 1691 609 1730 ecclesiam
638 1691 884 1742 Bergensem
915 1702 1005 1727 cum
1034 1688 1183 1727 honore
1212 1689 1393 1735 misisse,
1438 1688 1578 1727 deinde
1607 1692 1767 1741 propter
1795 1690 1935 1727 merita
1966 1690 2056 1741 ejus
2088 1691 2376 1741 procuratorem
2405 1688 2482 1727 sibi
2513 1690 2551 1728 in

322 1763 426 1800 curia
454 1761 633 1800 Romana
665 1760 848 1810 elegisse.
886 1782 932 1787 -
963 1759 1013 1798 In
1043 1766 1183 1798 castro
1213 1760 1350 1811 reqali
1379 1758 1560 1806 Svecioe,
1590 1758 1685 1798 XX.
1714 1759 1867 1798 mensis
1894 1758 2146 1798 Novembris.

85 1896 141 1930 22.
173 1895 298 1929 Novbr.

85 2164 140 2198 25.
171 2163 299 2196 Novbr.

93 2788 147 2821 26.
180 2786 304 2819 Novbr.

96 3197 152 3230 27.
183 3195 310 3230 Novbr.

719 1826 906 1867 Langebek
931 1825 1072 1868 Scriptt.
1098 1827 1179 1857 Rer.
1208 1827 1292 1857 Dan.
1317 1826 1416 1858 VIII.
1441 1826 1523 1857 387.

589 1888 745 1937 [4021]
806 1886 1139 1926 “Institutiones'*
1176 1888 1538 1939 (informartz'ones.9
1572 1886 1651 1925 vid.
1683 1901 1748 1926 no.
1778 1887 1937 1939 4023),
1983 1900 2082 1940 quas
2119 1901 2186 1926 rex
2217 1880 2575 1927 Cnmsrmaxns‘

323 1974 411 1999 cum
446 1959 571 1999 Paulo
608 1959 854 2005 Justiniano,
898 1959 1089 2010 episcopo
1127 1956 1340 2009 Bergensi,
1391 1958 1499 1996 misit
1532 1957 1709 2009 pontifici
1753 1958 1934 1997 Romano
1972 1958 2021 1997 de
2065 1957 2316 2010 expeditione
2358 1955 2553 1997 adversus

323 2030 492 2078 Turcas,
523 2029 817 2083 proponendas.
851 2051 901 2055 —
933 2028 983 2068 Ιη
1013 2036 1152 2067 castro
1185 2027 1540 2074 Stoclcleolmensi,
1570 2026 1701 2066 XXII.
1730 2027 1983 2067 Novembris.

716 2094 951 2138 Pontoppidan
983 2095 1121 2127 Annall.
1155 2095 1278 2127 eccles.
1308 2097 1396 2127 Dan.
1431 2094 1476 2126 II.
1510 2093 1591 2126 619.
1653 2095 1838 2136 Langebek
1865 2095 2003 2138 scr-iptt.
2028 2096 2110 2127 Rer.
2135 2096 2224 2127 Dan.
2249 2094 2347 2127 VIII.
2378 2093 2552 2128 390—92.

589 2158 746 2206 [4022]
809 2158 1087 2204 Muci-nmis,
1116 2157 1330 2209 episcopus
1355 2155 1683 2203 Schalholtensis,
1714 2157 1830 2195 etiam
1861 2157 2072 2196 insularum
2104 2156 2288 2195 dominus
2312 2160 2352 2195 et
2374 2155 2553 2197 Islandiae

323 2229 449 2269 locum
478 2232 640 2275 tenens,
671 2242 740 2281 per
770 2229 963 2267 notarium
994 2241 1111 2265 suum
1141 2225 1361 2276 Johannem
1390 2226 1558 2277 Ryeolff
1583 2226 1704 2264 literis
1734 2227 1919 2266 mandare
1949 2227 2062 2266 facit:
2093 2241 2153 2274 se,
2179 2227 2302 2279 jussu
2326 2225 2554 2265 Christierni

323 2300 452 2350 regis,
481 2301 679 2350 torquem,
712 2312 826 2351 quam
858 2299 945 2350 ipse
976 2311 1042 2336 rex
1073 2300 1229 2348 gestare
1258 2296 1403 2334 solitus
1433 2296 1578 2343 suerat,
1609 2296 1796 2335 Edvardo
1826 2297 2071 2344 Justiniano,
2103 2297 2176 2335 civi
2204 2296 2416 2343 Januensi,
2447 2311 2558 2337 reve·

323 2372 451 2407 tenter
479 2381 609 2407 coram
637 2382 683 2407 se
713 2371 932 2420 prostrato,
964 2367 1229 2419 imposuisse,
1274 2365 1429 2418 publice
1466 2371 1506 2406 et
1542 2368 1693 2419 private
1729 2367 1961 2419 portandam
2001 2370 2039 2405 et
2075 2367 2250 2406 humeris
2287 2367 2555 2406 circumferen-

326 2439 433 2485 dam,
478 2439 653 2490 praestito
686 2442 800 2477 antea
837 2437 1008 2476 manuali
1047 2435 1242 2474 fidelitatis
1279 2436 1434 2475 domino
1471 2438 1551 2490 regi
1581 2441 1621 2476 et
1648 2438 1737 2476 suis
1765 2437 1931 2476 sedibus
1955 2437 2231 2490 jurejurando,
2275 2439 2313 2475 et
2342 2436 2390 2475 de
2422 2436 2554 2476 obser·
2610 2486 2612 2491 ι

326 2509 467 2547 vandis
496 2509 685 2547 institutis
715 2508 765 2547 ad
795 2508 897 2546 illam
928 2506 1203 2545 fraternitatem
1234 2505 1402 2544 decretis
1431 2511 1523 2546 voto
1553 2508 1772 2560 praemisso.
1847 2506 1990 2545 Testes
2028 2508 2080 2546 in·
2102 2507 2220 2545 literis
2258 2506 2555 2547 conscribendis

328 2578 486 2617 adfuere
513 2576 770 2618 Bernhardus
800 2576 969 2617 Berhoff
995 2579 1032 2614 et
1060 2575 1248 2613 Nicolaus
1277 2575 1469 2624 Holsten,
1498 2577 1623 2616 laicus
1661 2580 1700 2616 et
1736 2577 1900 2615 clericus
1931 2576 2179 2616 coloniensis
2211 2580 2248 2615 et
2279 2576 2556 2617 Swerenensis

329 2647 578 2686 dioecesium.
611 2672 660 2677 —
691 2649 740 2688 In
771 2655 910 2688 castro
943 2645 1292 2692 Stockholmeusi,
1324 2645 1419 2684 feria
1447 2650 1581 2694 sexta,
1616 2647 1677 2685 die
1704 2646 1840 2685 XXV.
1870 2648 2022 2685 mensis
2051 2645 2299 2685 Novembris.

722 2714 908 2756 Langebek
934 2712 1074 2755 Scriptt.
1099 2712 1183 2744 Rer.
1210 2713 1296 2744 Dan.
1322 2713 1419 2745 VIII.
1442 2714 1616 2746 387—88.
1665 2714 1769 2746 Suhm
1797 2713 1990 2754 Samlingcr
2013 2713 2041 2745 Ι.
2066 2713 2126 2744 Bd.
2150 2712 2185 2743 3.
2210 2714 2252 2744 fl.
2279 2723 2309 2755 p.
2339 2713 2414 2746 100.

588 2777 746 2826 [4023]
805 2775 1099 2814 Cnmsrmnxr
1144 2775 1250 2825 regis
1293 2773 1410 2812 literae
1452 2774 1502 2813 ad
1539 2774 1734 2814 Calixtum
1778 2774 1943 2825 (Inuum)
1985 2787 2148 2827 papam,
2193 2769 2338 2826 quilius
2382 2775 2557 2815 dolorem.

332 2861 447 2886 suum
490 2847 538 2886 de
580 2844 857 2900 progressibus
896 2844 1109 2883 Turcarum
1147 2843 1363 2899 secundum
1406 2844 1633 2883 relationem
1669 2844 1782 2884 Pauli
1820 2845 2050 2890 Justiniani,
2095 2844 2276 2895 episcopi
2316 2843 2554 2896 Bergensis,

331 2918 570 2970 pronuntiat,
613 2917 726 2954 mittit
764 2914 904 2953 deinde
940 2927 1029 2953 cum
1059 2913 1197 2952 eodem
1227 2915 1419 2966 episcopo
1449 2918 1587 2953 certos
1608 2915 1920 2953 informationum
1958 2913 2143 2952 articulos
2174 2913 2268 2960 (vid.
2301 2927 2363 2951 no.
2393 2914 2554 2966 4021.)·‚

332 2990 371 3025 ct
407 2987 536 3038 ipsum
573 2985 802 3037 episcopum
841 2988 883 3022 ut
916 2985 1070 3037 justum
1112 2982 1411 3022 ambasiatorem
1449 2985 1487 3022 in
1525 2984 1599 3023 hac
1629 2998 1750 3023 causa
1780 2986 1883 3023 etin
1920 2997 2040 3022 causa
2071 2982 2247 3021 ecdesiae
2277 2983 2554 3024 Nidrosiensis

334 3059 372 3096 et
402 3055 547 3093 ordinis
578 3053 885 3101 Pruthenorum,
930 3052 1190 3091 commendat.
1223 3075 1272 3081 -
1303 3053 1352 3093 In
1382 3062 1521 3094 castro
1554 3053 1904 3102 Stocltlcolmensz',
1947 3054 2012 3092 die
2040 3051 2191 3090 XXVI.
2222 3055 2373 3091 mensis
2402 3053 2551 3094 Novbr.

724 3120 910 3160 Langcbek
935 3119 1072 3162 scriptt.
1098 3120 1179 3152 Rer.
1203 3121 1293 3151 Dan.
1317 3120 1414 3153 VIII.
1439 3121 1614 3152 377—78.

597 3179 754 3228 [4024]
812 3181 1067 3226 MAncELm,
1111 3181 1291 3232 episcopi
1336 3180 1673 3228 Schalholtensis,
1724 3180 1842 3223 literae
1883 3178 1933 3218 ad
1976 3178 2209 3218 cardinalem
2252 3179 2302 3218 de
2344 3180 2552 3231 Columna,

337 3251 570 3296 reserentes,
599 3248 701 3288 1111116
731 3249 858 3289 solum
889 3263 976 3289 cum
1000 3248 1300 3302 archiepiscopo
1330 3249 1560 3302 Upsaliensi
1591 3251 1628 3288 in
1658 3249 1820 3289 concilio
1851 3248 1900 3287 de
1930 3261 2050 3287 causa
2080 3249 2256 3288 ecclesiae
2285 3250 2501 3304 Bergensis
2529 3265 2554 3291 a
