2649 3686
142 346 259 387 1303.

90 432 141 464 18.
165 432 306 464 Januar.

90 778 151 812 18.
166 780 309 812 Januar.

112 1043 161 1075 12.
194 1041 294 1074 Febr.

107 1257 161 1289 20.
189 1255 287 1288 Febr.

95 1477 145 1509 12.
172 1474 297 1508 Martii.

90 1680 120 1712 4.
146 1678 284 1722 Aprilis.

101 2434 126 2466 1.
155 2433 290 2478 Aprilis.

95 2983 126 3015 9.
164 2982 304 3025 Aprilis·

327 161 422 210 194
1127 151 1280 199 lzoxe
1313 146 1443 194 Ehux
1477 144 1714 191 Bffssxvnn.

318 226 2521 261 Γ

1356 314 1498 363 1303.

592 425 746 476 [1587]
804 424 966 463 YsARM
1009 415 1292 471 archiepiscopi
1330 410 1557 451 Lundensis
1599 407 1800 447 vidimatio
1837 406 1952 446 bullae
1988 406 2102 445 Lucii
2140 404 2234 445 111ῑίἰ
2273 419 2384 458 papae
2414 405 2530 454 (datae

332 501 515 547 Velletri,
557 498 648 538 ΧΠ.
678 497 750 535 031.
779 495 865 534 Jan.
898 491 1027 540 1182.)
1067 489 1114 527 de
1142 483 1359 539 privilegiis
1397 480 1543 518 ordinis
1568 477 1867 523 Cisterciensis,
1912 476 2015 515 facta
2054 475 2269 514 secundum
2302 476 2532 528 petitionem

331 572 459 611 Bo'etii
490 570 582 607 dicti
611 565 754 611 Brand,
784 560 962 601 monachi
993 556 1217 597 monasterii
1245 550 1497 596 Novaevallis,
1528 548 1810 587 Cisterciensis
1834 546 1998 591 ordinis,
2029 546 2229 616 dioecesis
2253 545 2532 598 Lincopensis.

332 664 384 670 -
413 639 593 685 Laudis,
619 635 707 675 XV.
738 632 887 672 calend.
915 628 1097 668 Februar.

719 703 895 742 Liljegren
921 697 1144 740 Diplomatar.
1170 695 1312 725 Svecan.
1339 690 1384 722 II.
1409 699 1464 721 110.
1494 688 1592 720 1380.
1619 698 1652 730 p.
1676 687 1849 719 374—75.

591 765 743 817 [1588]
800 762 961 801 YsAam
998 754 1284 806 archiepiscopi
1320 751 1550 790 Lundensis
1586 749 1784 788 vidimatio
1819 747 1933 787 bullae
1972 746 2186 786 Innocentii
2226 745 2307 786 IVti
2338 747 2453 795 (datae
2482 747 2531 787 V.

332 840 480 880 calend.
515 837 698 877 Februar.
729 831 847 878 1250)
877 829 925 867 de
959 826 1175 880 privilegiis
1214 822 1362 861 ordinis
1399 820 1749 867 Cisterciensium‚
1792 822 1954 871 rogante
1983 818 2125 857 Boetio
2154 818 2311 864 Brand,
2339 817 2532 858 monacho

330 909 606 950 Novevallensi
635 906 748 943 facta.
777 923 829 929 -—
857 899 1039 942 Lzmdis,
1068 894 1158 934 XV.
1188 891 1340 931 calend.
1363 889 1480 929 Febr.

714 971 886 1013 Liljegren
910 966 1132 1008 Diplomatar.
1158 965 1304 995 Svecan.
1330 961 1375 993 11.
1400 971 1454 992 no.
1484 959 1583 992 1752.
1609 970 1640 1002 p.
1664 957 1838 991 693—94.

586 1034 737 1084 [1589]
794 1031 986 1073 Parnes,
1030 1026 1245 1064 JOHANNJS
1282 1023 1478 1062 Eum-m
1519 1035 1671 1067 rimus,
1715 1020 1861 1059 curiam
1909 1033 2021 1059 suam
2059 1020 2096 1058 in
2134 1018 2370 1072 Oosebyrke
2413 1020 2532 1059 sitam

329 1107 566 1151 monasterio
594 1101 824 1144 Esromensi
855 1097 1016 1137 confert.
1045 1117 1098 1124 -
1126 1094 1298 1142 Esrom,
1329 1093 1456 1146 pridie
1486 1092 1578 1131 idus
1607 1090 1795 1129 Februar.

714 1169 898 1211 Langebek
924 1166 1063 1209 Scriptt.
1089 1166 1152 1197 IX.
1248 1188 1257 1197 .
1307 1164 1378 1196 Cod
1403 1164 1540 1195 Esrom.
1566 1162 1626 1194 sol.
1654 1162 1744 1194 cvl.

581 1245 723 1298 [1590]
780 1242 921 1281 Literae
949 1239 1185 1284 JoHANNJs,
1213 1237 1447 1276 Arusiensis
1478 1236 1678 1288 episcopi,
1709 1233 1852 1287 quibus
1882 1232 2093 1272 ecelesiam
2122 1233 2286 1280 Waeluf,
2317 1233 2531 1273 accedente
2582 1274 2584 1276 ,

324 1320 640 1375 parochianorum
657 1325 867 1356 consensu,
893 1309 1019 1348 officio
1036 1308 1252 1346 scolastico
1271 1307 1447 1346 &eclesiae
1463 1306 1700 1345 Arusiensis
1718 1304 1901 1343 annectit.
1919 1326 1969 1331 —
1986 1304 2158 1350 Arusice,
2183 1304 2220 1342 in
2236 1304 2363 1357 capite
2374 1304 2531 1357 jejunii.

710 1381 897 1423 Langebek
922 1378 1062 1421 Scriptt.
1088 1379 1148 1411 VI.
1174 1377 1346 1410 471—72.

580 1459 737 1507 [1591]
794 1456 984 1495 ANDREAE
1013 1452 1214 1507 praepositi
1243 1450 1474 1489 Lundensis
1505 1448 1663 1487 donatio
1695 1448 1870 1486 omnium
1906 1446 2098 1486 honorum
2138 1461 2298 1486 suorum
2329 1447 2380 1486 ad
2409 1448 2531 1488 altare

322 1531 514 1587 quoddam
545 1531 581 1569 in
612 1529 782 1568 ecclesia
812 1541 844 1566 s.
873 1526 1074 1565 Laurentii
1103 1521 1308 1561 Lundensi
1339 1519 1593 1558 fundandum.
1622 1540 1674 1547 —
1704 1518 1887 1564 Laudis,
1917 1517 1981 1556 die
2009 1517 2123 1556 Jovis
2152 1516 2263 1556 XIV.
2292 1518 2440 1558 Martii.

706 1598 879 1639 Liljegren
904 1596 1124 1639 Diplomatar.
1151 1596 1293 1625 Svecan.
1322 1591 1366 1623 11.
1391 1600 1446 1622 110.
1475 1589 1573 1621 1385.
1599 1600 1631 1632 p.
1658 1587 1830 1620 379-80.

578 1671 721 1723 [1592]
778 1670 894 1709 Eme!
926 1668 1125 1707 Danorum
1157 1666 1264 1717 regis
1302 1663 1492 1715 diploma,
1536 1676 1613 1714 quo
1645 1683 1694 1689 —
1734 1663 1772 1699 in
1810 1661 2125 1700 satisfactionem
2163 1660 2451 1713 privilegiorum
2491 1666 2532 1702 et

319 1746 526 1791 bonorum,
571 1756 674 1795 quae,
716 1741 806 1779 (111111
839 1739 1043 1779 Johannes
1074 1735 1401 1787 archiepiscopus
1429 1732 1659 1771 Lundensis
1688 1731 1860 1769 vinculis
1898 1730 2123 1780 tenebatur,
2167 1731 2349 1770 ecclesiae
2379 1732 2533 1772 fuerant

318 1815 537 1861 subtracta,
567 1817 605 1852 et
635 1813 674 1850 in
704 1811 889 1850 mulctam
919 1809 974 1858 (X
1003 1808 1124 1847 millia
1152 1818 1372 1844 marcarum
1401 1804 1438 1842 in
1467 1802 1584 1841 bonis
1613 1801 1899 1850 immobilibus)
1939 1814 1961 1839 a
1990 1814 2091 1853 papa
2122 1801 2346 1853 impositam
2377 1802 2532 1842 solven-

320 1886 409 1924 dam
440 1908 487 1913 —
518 1884 658 1937 partim
687 1882 867 1921 homines
896 1878 1211 1931 archiepiscopi,
1255 1875 1322 1928 qui
1352 1875 1389 1912 in
1418 1873 1558 1919 1101115,
1586 1885 1670 1924 quae
1701 1871 1931 1910 dicebantur
1960 1870 2239 1922 Skudgaarde,
2276 1871 2530 1921 habitabant,
2567 1902 2572 1904 >

319 1969 342 1995 a
373 1956 455 1994 foro
485 1954 651 1994 seculari
682 1952 997 2003 emancipantur,
1040 1948 1178 2001 partim
1216 1944 1396 1984 ecclesiae
1426 1947 1465 1982 et
1502 1941 1802 1994 archiepiscopo
1833 1955 1934 1980 nova
1962 1941 2164 1993 privilegia
2195 1945 2234 1980 et
2263 1942 2530 1983 immunitates

319 2025 531 2071 adduntur,
567 2025 706 2076 partim
736 2022 864 2062 eidem
894 2019 1017 2058 multa
1045 2018 1148 2057 bona
1178 2018 1381 2055 sectantur
1411 2012 1530 2061 (bona
1559 2013 1666 2064 regia
1696 2012 1731 2050 in
1760 2003 1998 2050 Othelstade
2028 2012 2063 2049 in
2093 2011 2245 2063 Fyonia
2275 2012 2324 2050 ad
2354 2013 2530 2060 interim,

319 2097 358 2134 in
387 2098 617 2148 perpetuum
646 2107 737 2132 vero
767 2089 1049 2131 Rothnehzeret
1073 2089 1110 2126 in
1133 2085 1426 2126 Borendeholm
1457 2087 1496 2122 et
1524 2081 1938 2121 Hervidstadehaereth
1969 2081 2005 2118 in
2031 2080 2189 2127 scania,
2216 2086 2381 2134 excepto
2398 2081 2531 2122 Ystad

319 2169 359 2204 et
388 2164 614 2204 hominibus
643 2163 793 2214 regiis).
823 2183 872 2189 —
903 2159 1089 2214 Nyborq,
1115 2158 1168 2207 (111
1199 2156 1442 2209 parlamento
1473 2153 1661 2206 generali)
1693 2153 1729 2190 in
1759 2164 1881 2190 coena
1912 2150 2074 2188 domini.

707 2231 876 2264 Hvitfeldt
898 2232 1019 2262 Danm.
1044 2228 1155 2276 Biges
1176 2228 1283 2259 Kriin.
1310 2236 1341 2268 p.
1367 2223 1539 2256 319—21.
1587 2224 1732 2255 Pontan.
1757 2223 1857 2253 Rerr.
1882 2222 1992 2253 Dann.
2015 2219 2106 2252 Hist.
2131 2219 2227 2253 Libr.
2251 2221 2332 2253 Vll.
2359 2232 2390 2264 p.
2414 2221 2530 2254 392—

703 2293 759 2326 93.
807 2292 1041 2335 Pontoppidan
1065 2289 1206 2323 Annall.
1239 2287 1322 2320 0001.
1347 2288 1436 2319 Dan.
1461 2287 1505 2318 II.
1539 2285 1596 2317 87.
1655 2283 1831 2324 LilJegren
1858 2282 2081 2324 Diplomata-r.
2106 2284 2249 2314 Svecan.
2275 2283 2318 2315 II.
2345 2293 2400 2316 110.
2429 2283 2528 2317 1387.

706 2367 739 2399 p.
763 2354 923 2387 382—84
957 2353 1034 2397 (ubi
1069 2363 1108 2385 ex
1133 2352 1365 2392 transsumpto
1398 2346 1568 2380 Johannis
1601 2345 1716 2387 regis,
1754 2346 1823 2377 dat.
1850 2345 1954 2377 Hafn.
1979 2345 2094 2376 XVII.
2121 2343 2185 2376 cal.
2209 2345 2291 2376 Dee.
2322 2355 2377 2377 an.
2406 2344 2528 2388 1500).

579 2428 731 2478 [1593]
787 2428 905 2467 Enici
934 2427 1133 2466 Danorum
1164 2424 1268 2475 regis
1297 2422 1522 2461 mandatum
1554 2420 1603 2459 ad
1632 2419 1839 2458 Nicolaum
1860 2417 2070 2468 Holmiger
2106 2417 2268 2456 militem
2306 2421 2345 2456 et
2383 2417 2530 2470 Trugo-

320 2504 399 2539 tum
429 2499 721 2552 presbyterum,
765 2499 993 2537 canonicum
1021 2494 1300 2539 Lundensem,
1330 2496 1373 2531 ut
1413 2491 1463 2530 ad
1491 2488 1796 2530 Rothneherred
1824 2488 1859 2525 in
1889 2486 2161 2538 Borringholm
2193 2491 2234 2526 et
2270 2486 2528 2526 Hervidstad-

321 2570 459 2608 herred
496 2571 532 2608 in
565 2570 707 2607 Scania
743 2568 1003 2621 personaliter
1040 2563 1296 2610 accedentes,
1340 2562 1539 2601 (lominum
1568 2560 1787 2599 Johannem
1819 2557 1952 2596 Canne
1990 2558 2145 2595 nomine
2176 2556 2301 2596 lsai-ni
2340 2557 2527 2610 archiepi-

323 2639 431 2690 scopi
459 2638 686 2677 Lundensis
717 2639 754 2676 in
783 2638 1085 2691 possessionem
1114 2634 1252 2672 horum
1284 2633 1457 2671 locorum
1487 2631 1691 2676 inducant,
1722 2627 1839 2666 “villa
1867 2625 2023 2665 Ystade
2053 2631 2093 2665 et
2121 2626 2348 2667 hominibus
2377 2630 2528 2668 nostris

324 2707 415 2747 dieti
443 2707 842 2748 Hervidstadherred”
873 2707 1060 2745 duntaxat
1090 2704 1280 2755 exceptis.
1311 2725 1360 2730 -—
1391 2701 1584 2755 Nyborq,
1614 2700 1650 2737 in
1679 2712 1800 2738 coena
1830 2697 1988 2735 domini.

708 2777 874 2808 Hvitfcldt
900 2778 1020 2808 Danm.
1044 2775 1151 2816 Riges
1177 2774 1284 2805 Kriin.
1310 2783 1341 2815 p.
1366 2771 1446 2804 319.
1506 2773 1651 2803 Pontan.
1681 2771 1761 2801 ner.
1787 2767 1948 2800 Danicar.
1972 2766 2064 2798 nist.
2096 2765 2154 2798 lib.
2179 2767 2259 2801 VII.
2293 2779 2326 2810 p.
2352 2767 2525 2802 391-92.

707 2838 936 2880 Pontoppidan
961 2836 1099 2869 Annali.
1134 2835 1216 2868 eccl.
1241 2836 1330 2867 Dan.
1363 2833 1408 2866 11.
1441 2843 1474 2876 p.
1506 2833 1563 2864 87.
1623 2830 1799 2872 Liljegren
1825 2828 2051 2871 Diplomatar.
2083 2829 2225 2860 Svecan.
2257 2830 2301 2862 11.
2333 2840 2388 2862 no.
2426 2829 2525 2862 1388.

712 2909 742 2941 p.
769 2899 960 2930 384—385.

586 2969 738 3017 [1594]
794 2969 953 3020 Ε(11101>
970 2971 1074 3021 regis
1091 2969 1223 3014 literae,
1240 2968 1374 3007 missae
1389 2965 1650 3021 principibuS‚
1665 2960 1894 3008 baronibus,
1911 2960 2092 3000 fidelibus
2103 2960 2309 3000 advocatis
2319 2975 2394 3015 que
2405 2962 2524 3014 regiis

327 3040 364 3077 in
394 3052 511 3090 regno
539 3038 673 3077 Daniae
703 3040 950 3085 constitutis,
989 3040 1118 3092 iisque
1147 3038 1402 3084 mandantes,
1441 3041 1506 3084 ut,
1549 3035 1596 3074 ab
1638 3034 1741 3073 omni
1772 3031 2057 3083 inquietatione
2087 3035 2125 3070 et
2154 3032 2338 3070 molestia
2368 3033 2525 3084 episco-

326 3122 483 3161 porum,
524 3108 785 3159 praelatorum,
829 3108 1080 3146 ecclesiarum
1111 3108 1352 3160 aliorumque
1381 3106 1557 3145 locorum
1586 3104 1738 3157 piorum
1767 3115 1860 3153 sese
1886 3099 2154 3148 abstinentes,
2197 3101 2407 3154 praedictas
2435 3114 2524 3154 per·

325 3190 446 3216 sonas
475 3180 513 3215 et
541 3177 644 3221 loca,
674 3189 881 3227 eorumque
913 3176 1111 3215 libertates
1141 3176 1190 3215 ab
1220 3177 1375 3229 injuriis
1405 3179 1445 3216 et
1472 3174 1671 3234 violentiis
1701 3171 1924 3212 manifestis
1954 3174 1993 3210 et
2016 3169 2242 3210 incursibus
2267 3171 2522 3222 malignorum

326 3246 546 3286 defendant.
575 3268 627 3274 ——
661 3246 861 3290 Otltonice,
892 3245 954 3284 die
980 3246 1136 3298 paschae
1167 3247 1293 3285 tertia.

713 3316 879 3358 Tcrpagcr
904 3314 997 3358 Ripae
1024 3315 1148 3349 Cimbr.
1173 3326 1204 3359 p.
1234 3315 1307 3348 182.
