2649 3686
68 876 101 901 C.

107 343 225 384 1035.

137 861 253 901 10:35.

110 2718 221 2757 1039.

287 171 353 223 20
730 207 733 210 .
1041 159 1198 208 Koxc
1231 155 1385 204 Kxnn
1421 167 1520 200 DEN
1555 150 1740 218 Smne.

287 229 2514 267 ’πέρ-*ψ-

1327 324 1474 374 1035.

553 435 655 486 [88]
713 434 834 474 Ceu-r
875 445 943 471 rex
980 427 1198 480 Anglorum
1234 421 1420 463 concedit
1452 396 1634 460 Eadsino
1671 419 1977 472 archiepiscopo
2015 418 2226 457 ecclesiam
2256 416 2300 456 S.
2328 415 2512 461 Martini,

292 524 377 565 quae
408 511 485 550 sita
515 514 580 550 est
608 513 718 550 extra
746 506 883 546 urbem
911 497 1185 541 Dorobernioe,
1215 496 1255 532 et
1282 496 1409 531 terras
1436 490 1613 543 Apeldre
1642 489 1829 528 videlicet
1857 493 1897 528 et
1923 487 2316 527 Withriceshamma.

686 575 870 610 Evidentiae
905 567 1056 604 ecclesiae
1090 564 1191 598 Chris
1194 562 1219 595 ti
1255 562 1419 595 Cantuar.
1452 560 1486 593 in
1520 559 1703 603 Scriptorr.
1735 559 1828 592 nist.
1860 558 1996 601 Anglic.
2029 569 2082 601 ap.
2107 557 2297 601 Twysden,
2333 556 2380 590 11.
2410 555 2514 588 2223.

683 637 853 672 Eadsinus
887 631 1032 676 primum
1065 628 1174 660 Cnuto
1209 627 1343 657 mortuo
1378 621 1512 666 (1038)
1545 620 1822 664 archiepiscopus
1847 622 1962 654 factus
1996 623 2069 656 est,
2105 620 2193 652 unde
2223 617 2422 652 verosimile
2453 618 2514 655 fit,

686 701 771 733 hanc
796 691 1049 729 concessionem
1074 687 1219 731 primum
1250 689 1332 730 post
1363 684 1493 729 aliquot
1517 694 1624 716 annos
1648 683 1761 716 literis
1786 684 1982 716 mandatam
2015 682 2145 725 fuisse,
2183 681 2250 714 etsi
2282 681 2371 714 Cnut
2406 679 2446 712 de
2477 689 2515 710 se

683 760 717 793 in
744 757 854 802 prima
878 762 1024 798 persona
1048 751 1217 794 loquatur.

1160 856 1200 888 c.
1235 839 1367 889 1035
1402 839 1479 887 vel
1517 845 1637 886 ante.

555 963 655 1011 [89]
712 960 814 999 Acta
844 956 960 996 curiae
990 954 1206 993 comitatus
1233 950 1584 997 Herefordiensis,
1613 963 1706 1001 rege
1736 948 1913 989 CAxn'ro
1944 953 2130 1001 regnante
2153 947 2516 1000 AEgelnotherstani

294 1037 440 1082 habiti,
470 1034 519 1073 ad
547 1034 655 1072 litem
685 1029 734 1068 de
758 1030 847 1081 jure
876 1023 1112 1078 praedio‘rum
1140 1022 1370 1062 XVeslintun
1401 1025 1442 1061 et
1472 1019 1715 1060 Cradesleah
1745 1019 2024 1066 dirimendam,
2055 1033 2133 1071 quo
2164 1020 2265 1059 inter
2293 1019 2397 1058 alios
2425 1032 2516 1058 con-

293 1108 453 1146 venisse
483 1104 663 1142 dicuntur
691 1098 769 1138 “ad
798 1096 959 1148 negotia
987 1095 1095 1147 regis
1124 1092 1318 1146 gerenda,
1363 1091 1611 1131 Tflunciws
1641 1091 1706 1130 cui
1742 1090 1880 1137 albus,
1922 1094 1963 1129 et
1999 1089 2193 1129 Tomeos
2231 1091 2295 1129 cui
2331 1094 2518 1141 comptus

294 1188 508 1229 cognomen
539 1171 657 1212 erat''.
688 1190 736 1198 -
768 1167 865 1206 Sine
891 1179 1007 1205 anno.
2007 1160 2242 1212 (Anglosax.
2274 1163 2313 1198 et
2340 1159 2517 1205 Latine.)

592 1240 721 1274 Hickes
746 1235 956 1270 Dissertatio
983 1233 1180 1279 epistolaris
1207 1232 1397 1277 (Thesaur.
1422 1231 1508 1276 111.)
1534 1243 1566 1276 p.
1591 1231 1694 1263 2-3,

552 1317 653 1367 [90.]
713 1315 856 1355 Clerici
886 1306 1096 1366 cujusdam
1125 1310 1246 1362 Angli
1277 1310 1328 1348 ad
1358 1307 1898 1348 AElf1icum‘·'sacerdotem”
1934 1306 2154 1355 (abbatem,
2191 1311 2336 1359 postea
2369 1306 2516 1345 archie-

291 1394 498 1459 piscopum
526 1384 840 1431 Eboracensem)
870 1383 1013 1429 literae,
1050 1380 1119 1420 ubi
1149 1384 1263 1433 rogat
1290 1383 1335 1419 ut
1362 1379 1468 1432 apud
1496 1379 1731 1418 basilissam
1761 1377 1840 1417 sihi
1872 1377 2103 1426 subveniat,
2141 1380 2366 1430 “quatenus
2396 1377 2516 1430 quod-

292 1463 378 1501 dam
408 1460 580 1513 piscium
603 1456 791 1496 vivarium
817 1455 857 1493 in
879 1451 974 1491 villa
995 1451 1100 1491 Niw.
1127 1464 1200 1490 sua
1228 1450 1503 1489 misericordia
1531 1448 1628 1488 mihi
1658 1449 1873 1501 indulgeat,
1902 1451 1947 1486 ut
1974 1461 2104 1486 meam
2134 1461 2157 1486 a
2182 1461 2297 1487 carne
2318 1447 2517 1486 abstinen-

290 1533 383 1571 tiam
426 1528 593 1568 vivendo
638 1525 850 1565 defendere
893 1522 1072 1562 valeans’
1080 1552 1090 1568 ,
1135 1520 1242 1574 quod
1285 1521 1322 1559 ei
1366 1520 1483 1559 sacile
1526 1533 1621 1559 esse
1650 1523 1783 1571 putat,
1823 1532 1942 1571 quum
1971 1521 2016 1556 ut
2042 1516 2216 1556 Michael
2254 1518 2350 1565 deo,
2387 1519 2442 1557 ita
2472 1517 2515 1556 C.

291 1601 495 1651 (CAmm)
525 1598 632 1650 regis
663 1594 870 1636 obtutibus
900 1606 1059 1645 semper
1088 1592 1278 1638 assistat,
1309 1592 1478 1643 ejusque
1508 1590 1677 1629 consilia
1706 1589 1954 1628 clandestina
1983 1589 2099 1627 sciat.
2131 1609 2178 1615 —
2210 1588 2307 1627 Sine
2333 1601 2450 1627 anno.

684 1664 823 1700 AElfrici
850 1663 1082 1697 Grammatica.
1105 1664 1139 1695 et
1165 1660 1381 1694 Glossarium
1405 1659 1670 1693 Latino-saxon
1707 1660 1758 1693 ed.
1793 1661 1937 1692 Somner
1972 1657 2103 1701 (Oxon.
2139 1657 2240 1692 1659.
2263 1657 2361 1701 Ful.)
2398 1669 2430 1702 p.
2462 1658 2518 1691 53.

682 1728 774 1771 Epit.
799 1727 886 1771 apud
911 1726 1113 1767 XVharton,
1138 1724 1268 1766 Anglia
1292 1733 1395 1756 sacra
1419 1722 1450 1756 1.
1476 1722 1553 1754 134.

552 1807 653 1856 [91.]
710 1804 817 1844 Nota
847 1803 896 1842 de
925 1802 1106 1855 reliquiis
1136 1806 1177 1840 et
1205 1799 1376 1839 cimeliis
1405 1797 1846 1851 possessionibusque,
1887 1810 1972 1850 quae
2002 1795 2148 1836 “Cxun
2179 1811 2247 1836 rex
2275 1797 2517 1850 Anglorum‘'

292 1880 470 1920 eeclesiae
500 1878 648 1917 Christi
678 1874 841 1915 dederat
869 1873 1094 1922 (nimirumz
1153 1870 1385 1910 “brachium
1413 1870 1551 1908 Sancti
1583 1867 1864 1907 Bartholomzci
1895 1867 2068 1919 apostoli
2098 1881 2187 1907 cum
2216 1881 2359 1920 magno
2397 1868 2518 1921 pallio

293 1956 332 1990 et
361 1952 423 1990 sui
452 1949 596 2002 capitis
624 1959 785 1986 auream
815 1957 1000 1983 coronam
1032 1946 1072 1981 et
1099 1945 1256 1995 portum
1288 1940 1337 1980 de
1368 1940 1612 1990 Sandwic'').
1642 1961 1691 1966 —
1724 1938 1821 1977 Sine
1851 1951 1968 1978 anno,

685 2017 825 2048 Hearne
850 2015 979 2047 'sextus
1003 2011 1183 2045 Boffensis
1209 2012 1292 2054 Cap.
1325 2010 1371 2042 23
1402 2022 1434 2054 p.
1470 2010 1527 2043 37.
1588 2010 1665 2042 Cfr.
1702 2007 1890 2041 Evidentiae
1925 2006 2077 2040 ecclesiae
2104 2007 2236 2041 Christi
2268 2008 2431 2042 Cantuar.
2464 2021 2517 2052 ap.

686 2077 878 2120 Twysden,
912 2075 1076 2108 Historiae
1108 2073 1211 2115 Angl.
1246 2072 1441 2115 Scriptores
1474 2073 1520 2105 II.
1552 2071 1749 2104 2225-26.
1810 2069 1968 2113 Wanley
2002 2069 2104 2102 catal.
2137 2069 2293 2103 biblioth.
2327 2070 2517 2112 Anglosax.

686 2138 838 2182 (Hickes
863 2138 1031 2171 Thesaur.
1057 2137 1102 2170 11.
1127 2134 1244 2178 2740.
1300 2137 1445 2167 Stevens
1477 2134 1622 2177 History
1656 2134 1696 2165 of
1716 2131 1953 2165 Monasteries
1986 2130 2110 2175 (addit.
2143 2135 2177 2165 to
2207 2134 2361 2166 Monast.
2392 2133 2517 2176 AngL]

685 2201 732 2234 11.
757 2200 911 2243 Append.
936 2211 970 2243 p.
995 2199 1052 2231 78.

554 2278 656 2327 [92]
713 2277 889 2316 Leofrici
920 2275 1080 2315 comitis
1109 2274 1250 2321 litcrae,
1282 2272 1429 2326 quibus
1458 2273 1700 2311 monasterio
1731 2271 1781 2310 de
1803 2269 2020 2317 Evesham,
2049 2269 2098 2309 ab
2129 2284 2176 2309 eo
2207 2274 2248 2310 et
2274 2284 2396 2311 uxore
2426 2272 2519 2325 ejus

294 2352 486 2404 Godgyve
515 2350 727 2395 aedificato,
765 2351 935 2386 “terram
972 2359 1056 2399 quoe
1094 2349 1258 2384 vocatur
1286 2343 1535 2383 Heamtune''
1565 2342 1669 2381 dono
1700 2341 1877 2387 dedicat,
1923 2341 2039 2393 cujus
2070 2341 2107 2379 in
2137 2342 2444 2392 possessionem
2474 2347 2520 2381 ut

294 2423 389 2461 dicit
417 2445 465 2450 —
497 2421 629 2458 “sicut
658 2418 775 2457 Cxwr
805 2429 890 2456 Rex
921 2415 1017 2455 mihi
1047 2415 1272 2461 concessit,
1311 2415 1441 2453 veni''.
1498 2412 1637 2452 Testis
1665 2411 1812 2450 adesse
1843 2410 1986 2450 dicitur
2014 2410 2204 2463 Birtegus
2233 2412 2453 2465 episcopus
2478 2418 2518 2452 et

295 2497 402 2531 totus
431 2492 644 2531 comitatus
672 2487 953 2539 Vigorniensis
982 2486 1172 2525 civitatis.
1204 2507 1252 2512 —
1285 2485 1381 2523 Sine
1411 2497 1528 2522 anno.

685 2560 835 2591 Monast.
859 2555 997 2599 Anglic.
1023 2555 1070 2589 11.
1095 2555 1175 2588 852.
1224 2555 1299 2588 Cfr.
1325 2554 1432 2588 Suhm
1456 2553 1548 2587 nist.
1575 2553 1616 2586 af
1633 2551 1779 2585 Danmk.
1804 2551 1867 2585 111.
1893 2550 1972 2583 494.

1328 2692 1475 2743 1039.

558 2810 657 2859 [03]
716 2809 888 2849 “Charta
917 2807 1184 2854 dimissionis,
1216 2819 1291 2860 qua
1315 2806 1514 2846 condonat
1535 2804 1742 2857 LyfinguS,
1770 2805 1842 2853 (in)
1867 2802 2120 2856 &Viogernaci
2145 2805 2306 2844 civitate
2335 2804 2516 2845 ecclesia:

298 2882 512 2933 episcopus
542 2883 645 2929 (cum
669 2880 825 2918 licentia
852 2879 1053 2918 HARonm
1078 2879 1184 2929 regis
1209 2891 1256 2916 ac
1278 2876 1455 2916 Leofrici
1475 2876 1590 2914 ducis
1605 2874 1861 2923 Merciorum)
1885 2874 1989 2913 fideli
2015 2888 2089 2914 suo
2115 2874 2265 2914 homini
2285 2874 2517 2915 AEthelredo

296 2951 332 2988 V
361 2963 521 2989 mansas
559 2951 596 2987 in
634 2949 899 3001 Hylcromban
935 2952 976 2988 et
1011 2948 1195 2987 Bocctun
1237 2947 1305 2997 (ad
1349 2947 1438 2986 dies
1475 2946 1604 2993 vitae),
1655 2948 1695 2984 et
1731 2948 1826 2996 post
1862 2946 1950 2984 vitae
1991 2958 2072 2984 suae
2110 2945 2319 2984 terminum
2358 2944 2516 2984 duobus

299 3019 443 3072 quibus
473 3019 636 3057 voluerit
664 3019 938 3058 cleronomis’'.
969 3039 1018 3046 —-
1049 3011 1301 3070 Subscripsit
1337 3017 1487 3056 Harald
1515 3029 1604 3062 rex,
1646 3014 1753 3054 Duni
1793 3014 1954 3064 (Duri‘Z)
1983 3015 2085 3067 dux,
2127 3014 2245 3054 Odda
2287 3015 2417 3054 miles.
2463 3034 2508 3040 —

300 3089 438 3128 lndict.
468 3087 534 3126 Vl.
568 3101 656 3126 ann.
692 3088 806 3126 10:38.

690 3157 783 3189 Beda
817 3158 868 3190 ed.
901 3157 1034 3201 Smith,
1071 3157 1223 3201 Append.
1256 3168 1288 3200 p.
1321 3157 1494 3190 779—80.
1551 3153 1641 3198 Epit.
1667 3164 1722 3197 ap.
1747 3155 1922 3198 Vlecy,
1957 3155 1991 3188 in
2019 3154 2122 3188 catal.
2146 3153 2357 3188 bibliotheca.-
2380 3155 2516 3197 Anglo-

692 3218 857 3251 saxonicae
888 3218 1037 3262 (Hickes
1068 3218 1223 3252 thesaur.
1255 3219 1302 3252 11.
1335 3218 1423 3262 303)
1461 3229 1500 3251 ex
1532 3214 1664 3250 chartis
1695 3217 1931 3258 Anglosaxon.
1956 3216 2166 3260 temporibus
2191 3215 2375 3258 confectis,
2412 3227 2517 3260 penes

695 3281 796 3311 Joan.
822 3282 971 3321 Somers‚
995 3281 1155 3314 baronem
1181 3282 1221 3313 de
1246 3281 1430 3314 Evesham.
1479 3277 1638 3319 Hemingi
1660 3278 1844 3312 chartular.
1860 3278 2012 3313 ecclesiae
2026 3277 2288 3320 Wigorniensis
2313 3278 2436 3322 (1723,
2461 3279 2516 3321 8.)

692 3340 738 3373 ΙΙ.
765 3339 841 3373 599.
890 3341 964 3375 Csr.
990 3341 1097 3375 Suhm
1122 3342 1212 3376 nist.
1237 3343 1276 3376 as
1298 3343 1444 3376 Danmk.
1470 3341 1533 3376 IV.
1563 3338 1614 3372 19.
1640 3339 1696 3372 20.
