2649 3686
332 138 431 188 178
1138 132 1291 180 Kosa
1325 128 1455 176 ΕΒΗ(
1489 126 1725 174 MENVED.

334 210 2528 236 Ν

146 325 264 366 1292.
1044 335 1046 338 -
1357 297 1502 345 1292.

105 410 139 444 6.
161 412 305 444 Januar.
596 405 750 454 [1446]
806 404 965 448 Literae,
996 399 1137 454 quibus
1165 396 1327 436 Enrcns
1356 407 1423 432 rex
1452 391 1650 431 canonicis
1680 391 1716 429 in
1747 389 1961 429 Ehbleholt
1997 402 2137 428 omnes
2173 391 2299 429 terras
2334 389 2464 441 regias
2497 390 2534 430 in

337 478 511 530 ipsorum
540 476 668 526 Wang
697 475 816 517 sitas,
845 473 954 524 prius
984 471 1194 519 Alsentorp
1223 465 1472 517 adjacentes,
1503 465 1645 500 scotat.
1673 482 1728 489 —
1757 459 1994 508 Roslcildis‚
2025 459 2090 499 die
2118 458 2365 512 Epiphaniae.

725 542 909 583 Langebek
934 540 1072 582 Scriptt.
1097 539 1158 570 Vl.
1186 535 1261 568 166.

104 610 156 645 ¹⁶·
181 610 312 644 Martii·
596 605 747 654 [1447]
803 603 924 642 Emci
956 601 1059 652 regis
1088 599 1223 642 literae,
1255 594 1402 647 quibus
1432 594 1621 646 episcopo
1650 592 1882 637 Arusiensi,
1921 590 2122 630 canonicis
2152 589 2334 643 ejusdem
2364 591 2538 632 ecclesiae

337 688 546 728 eorumque
574 672 878 714 successoribus
907 669 1100 714 concedit,
1141 670 1183 705 ut
1213 679 1350 703 omnes
1380 667 1527 709 nautae,
1572 665 1639 715 qui
1669 661 1719 702 ad
1748 661 2048 700 “Norsminnae”
2084 660 2282 706 venerint,
2324 660 2432 700 liberi
2461 658 2540 701 sint

339 745 387 786 ab
418 746 521 784 omni
545 746 633 797 jure
662 744 790 794 regio,
820 754 984 792 eumque
1012 740 1047 776 in
1087 737 1199 775 finem
1236 733 1437 788 prohibet,
1483 747 1530 772 ne
1569 733 1660 785 quis
1704 732 1937 785 episcopum
1981 735 2019 770 et
2060 731 2273 770 canonicos
2310 744 2430 783 super
2465 729 2539 772 hac

341 816 462 868 gratia
490 814 698 853 molestare
727 814 948 864 praesurnat.
978 830 1030 836 ——
1060 807 1270 853 Hermes,
1302 806 1337 843 in
1369 803 1564 842 dominica
1593 802 1733 841 mediae
1763 801 1911 841 XLmffi.

722 880 905 921 langebek
933 877 1070 919 Scriptt.
1095 875 1158 907 Vl.
1182 873 1355 906 398—99.

81 957 112 989 4,
144 954 318 999 ApffinS-
600 942 754 991 [1448]
812 936 1060 990 Indulgentiae
1090 935 1346 988 quadraginta
1375 935 1548 982 dierum,
1578 933 1763 974 omnibus
1793 932 2001 972 ecclesiam
2031 931 2296 972 cathedralem
2324 933 2540 986 Ripensem

130 1018 165 1051 5·
190 1016 286 1050 Julii.
340 1016 375 1054 in
411 1015 527 1054 certis
565 1012 704 1051 diebus
742 1011 854 1049 festis
891 1005 1139 1047 visitantibus
1175 1019 1247 1044 nec
1283 1019 1357 1044 non
1398 1005 1524 1045 eidem
1562 1005 1709 1059 aliquid
1748 1002 2060 1049 conferentibus,
2099 1017 2170 1056 per
2212 1002 2392 1056 singulos
2429 1015 2539 1044 oc'ro

338 1097 470 1124 cumAE
500 1083 692 1122 Romam
722 1091 1011 1118 Eprscoponmr
1042 1089 1258 1115 concessae.
1290 1097 1340 1103 —-
1370 1075 1532 1128 Romce,
1561 1074 1658 1114 sede
1688 1075 1907 1127 apostolica
1936 1077 2112 1113 vacante.

723 1151 896 1191 Tcrpager
919 1146 1013 1190 Ripae
1038 1146 1164 1179 Cimbr.
1190 1157 1221 1189 p.
1246 1144 1394 1178 85—86.

92 1224 145 1257 24.
170 1222 309 1267 Aprilis.
591 1210 745 1259 [1449]
804 1209 1021 1248 JOHANMS
1058 1208 1237 1260 episcopi
1273 1206 1557 1246 Roskildensis
1599 1207 1800 1246 vitlimatio
1835 1206 2034 1245 literarum
2061 1204 2197 1256 Magni
2227 1205 2379 1244 Sveciae
2414 1204 2541 1257 regis,

335 1282 383 1321 de
412 1282 707 1321 commutatione
738 1279 843 1318 fundi
873 1292 959 1317 cum
988 1276 1192 1316 monachis
1222 1278 1257 1315 in
1287 1276 1614 1330 AEskylstunum,
1657 1278 1782 1331 prima
1812 1275 1956 1315 domin.
1987 1275 2182 1315 adventus
2214 1275 2317 1316 1290
2346 1275 2462 1315 facta.
2490 1295 2542 1304 ·—-

333 1351 565 1403 Roslce'lde's,
595 1349 700 1389 VIII.
731 1348 880 1388 calend.
910 1348 1018 1401 Maji.

719 1419 895 1460 Liljegren
921 1418 1144 1461 Diplomatar.
1171 1420 1317 1451 Svecan.
1343 1418 1388 1451 11.
1414 1427 1469 1450 110.
1498 1417 1597 1450 1068.
1622 1428 1654 1461 p.
1684 1417 1759 1450 140.

111 1499 165 1532 31.
199 1498 293 1539 Maji.
590 1481 736 1531 [1450]
792 1481 935 1519 Literae
963 1481 1205 1526 JOHANNlS‚
1236 1480 1471 1519 Arusiensis
1501 1480 1700 1533 episcopi,
1731 1477 1875 1532 quibus
1903 1477 2106 1532 prohibet,
2137 1492 2186 1517 ne
2212 1478 2304 1531 quis
2334 1475 2543 1515 canonicos

335 1552 577 1591 Arusienses
607 1565 727 1604 super
757 1549 1022 1597 libertatibus,
1054 1564 1154 1603 quas
1184 1564 1250 1588 rex
1280 1549 1423 1589 Ericus
1452 1551 1583 1604 portui
1608 1548 1858 1588 Norsminnae
1889 1550 2110 1595 concessit,
2139 1548 2337 1588 molestet.
2366 1568 2421 1574 —
2448 1543 2543 1585 Sab-

331 1620 422 1661 bato
451 1622 627 1675 proximo
657 1627 745 1660 ante
775 1620 1006 1659 dominicam
1035 1621 1233 1659 trinitati-s.

718 1691 906 1732 Langebek
931 1690 1068 1735 Scriptt.
1093 1691 1156 1722 Vl.
1182 1691 1262 1723 411.

116 1766 296 1800 10,Jun;j,
590 1752 740 1800 [1451]
797 1752 1014 1792 «IOHANNIS
1053 1753 1230 1805 episcopi
1259 1751 1547 1791 Roskildensis
1586 1751 1817 1798 declaratio,
1861 1764 1906 1790 se
1943 1763 2045 1790 anno
2080 1748 2225 1788 domini
2268 1747 2392 1796 1291,
2435 1745 2543 1788 XIII.

333 1823 480 1864 calend.
506 1822 757 1869 Decembris,
793 1823 829 1860 in
859 1821 1107 1861 Biaernssfthae
1147 1822 1281 1861 literas
1320 1814 1443 1875 supra
1479 1821 1556 1862 sub
1595 1836 1658 1861 no.
1702 1821 1817 1860 1440.
1855 1824 1894 1860 et
1933 1820 2049 1859 1441.
2087 1820 2227 1859 allatas
2266 1819 2470 1869 audivisse
2505 1822 2545 1860 et

335 1894 547 1947 recepisse.
576 1915 630 1922 —
657 1891 890 1941 Roskildis,
922 1897 1060 1945 quarto
1091 1893 1180 1931 idus
1209 1893 1328 1932 Junii.

721 1953 909 2004 Lanssebek
934 1962 1073 2007 scriptt.
1098 1963 1162 1995 vr.
1187 1962 1359 1996 255—56.

81 2034 131 2068 11.
157 2034 314 2078 Augusti.
600 2023 754 2073 [1452]
811 2024 938 2064 Emer
969 2026 1075 2077 regis
1105 2028 1144 2064 et
1172 2025 1364 2072 HAqvlm
1394 2023 1507 2064 ducis
1535 2023 1742 2076 Norvegiae
1770 2023 2037 2076 privilegium,
2065 2021 2374 2062 Luhecensibus
2398 2022 2544 2069 datum,

333 2109 403 2149 per
431 2097 558 2134 castra
586 2094 745 2135 Hunals
773 2097 814 2135 in
842 2095 1073 2135 Hallandia
1103 2100 1142 2133 et
1169 2094 1309 2148 Hjalm
1340 2093 1460 2134 libere
1489 2086 1742 2141 transeundi3
1786 2097 1974 2146 praeterea
2004 2092 2219 2140 declarant,
2258 2106 2303 2132 se
2332 2094 2420 2133 viva
2448 2107 2546 2133 voce

333 2165 553 2218 injunxisse
581 2164 741 2205 Jacobo
771 2166 899 2204 comiti
935 2163 1152 2204 Hallandiae
1191 2168 1230 2203 et
1268 2164 1438 2217 Stiqoto
1474 2164 1710 2210 marscalco,
1753 2168 1796 2202 ut
1833 2162 2001 2217 jubeant
2038 2163 2190 2202 incolas
2232 2164 2317 2202 sine
2360 2163 2546 2203 dilatione

335 2235 636 2276 Luhecensibus
662 2233 791 2275 debita
821 2249 897 2275 sua
924 2234 1101 2274 reddere.
1129 2256 1184 2275 ·.-
1217 2233 1445 2288 szsberq,
1477 2235 1514 2273 in
1542 2235 1715 2273 crastino
1744 2233 1946 2273 Laurentii
1975 2233 2156 2272 martiris.

723 2305 911 2338 Thorkeliu
944 2304 1170 2348 Diplomatar.
1206 2306 1442 2347 Arna-Magn.
1479 2305 1524 2338 11.
1564 2305 1641 2337 133.
1709 2304 1886 2346 Liljegren
1919 2303 2144 2346 Diplomatar.
2182 2304 2327 2336 Svecan.
2362 2304 2408 2337 11.
2445 2302 2545 2337 1079.

720 2377 752 2410 p.
781 2366 857 2399 146.

80 2439 134 2473 25,
155 2440 311 2484 Augusti,
594 2427 750 2477 [1453]
807 2427 950 2467 Literae
978 2426 1097 2467 Eruci
1126 2428 1253 2480 regis,
1284 2428 1430 2482 quibus
1459 2426 1642 2467 “civibus
1671 2425 1918 2480 Ripensibus
1949 2427 2125 2478 ipsorum
2154 2426 2390 2471 Forstrand‚
2418 2425 2545 2480 Lyst,

333 2497 498 2544 Manno,
549 2502 587 2537 et
623 2498 752 2538 littora
789 2499 916 2537 omnia
959 2499 1057 2536 inter
1091 2498 1274 2551 praedicta
1313 2499 1399 2537 loca
1438 2501 1476 2536 et
1513 2499 1708 2537 civitatem
1737 2497 1955 2549 Ripensem
1994 2498 2088 2542 sita,
2132 2510 2210 2535 una
2246 2510 2333 2535 cum
2371 2498 2546 2550 ipsorum

335 2567 466 2619 Diyb,
504 2569 609 2607 sicut
637 2581 682 2607 ea
709 2566 853 2608 habere
882 2573 1164 2608 consveverant
1192 2567 1241 2608 ab
1271 2569 1477 2621 antiquo”,
1520 2567 1640 2608 libere
1676 2567 1922 2620 possidenda
1965 2566 2134 2605 dimittit.
2178 2588 2230 2594 —
2272 2565 2465 2621 Nyburq,
2506 2567 2545 2606 in

338 2637 507 2677 crastino
536 2636 638 2677 beati
666 2637 935 2677 Bartholomei
964 2639 1147 2691 apostoli.
1688 2680 1695 2689 ,

726 2709 898 2750 Terpager
923 2707 1016 2750 Ripae
1042 2708 1170 2741 Cimbr.
1196 2718 1229 2751 p.
1253 2707 1334 2741 690.
1388 2708 1580 2741 Michelsen
1604 2706 1869 2740 Nordfriesland
1894 2717 1926 2749 p.
1965 2705 2134 2738 184-85.

596 2768 752 2817 [1451]
809 2769 1052 2809 Haderslevs
1082 2770 1285 2815 Stadsret,
1323 2770 1546 2810 stadfaestet
1574 2769 1619 2809 af
1641 2769 1794 2821 Hertug
1823 2769 2064 2808 Vnmmman
2095 2767 2201 2815 (med
2228 2781 2351 2821 nyere
2381 2767 2543 2821 Tillaeg).

342 2857 390 2863 —
420 2834 532 2875 Uden
564 2837 661 2876 Sted
690 2851 740 2889 og
768 2838 871 2889 Dag.

730 2907 861 2950 Corpus
893 2909 1101 2941 Statutorum
1134 2908 1342 2942 Slesvicens.
1373 2909 1419 2942 Π.
1454 2909 1648 2941 448-473.
1706 2906 2120 2950 Koiderup-Rosenvinge
2143 2908 2248 2941 Sami.
2273 2908 2313 2941 af
2340 2908 2387 2950 gl.
2412 2908 2545 2942 danske

728 2969 821 3000 Love
843 2969 888 3000 V.
914 2969 1106 3002 470—482.
1154 2970 1267 3013 [Jvfr.
1300 2970 1489 3004 Varianter
1519 2970 1530 3003 i
1556 2969 1769 3010 Staatsbfirg.
1793 2971 1928 3010 Magaz.
1952 2970 2049 3002 Vlll.
2076 2969 2140 3001 741
2167 2970 2243 3013 ff.).
2298 2972 2414 3013 Nyere
2437 2970 2543 3014 tydsk

734 3028 973 3061 Oversaettelse
994 3029 1096 3063 haves
1118 3031 1180 3064 hos
1193 3032 1436 3074 VVestphalen,
1459 3034 1678 3064 Monumenta
1691 3030 1779 3072 ined.
1794 3031 1856 3063 IV.
1871 3030 2109 3064 1927—1985.
2134 3042 2179 3074 og
2199 3031 2209 3064 i
2229 3032 2362 3075 Corpus
2377 3034 2542 3065 statutor.

734 3088 940 3123 Slesvicens.
966 3090 988 3123 l.
1015 3101 1043 3124 c.
1091 3092 1161 3124 Jfr.
1186 3093 1314 3126 Falcks
1338 3093 1524 3127 Handbuch
1547 3094 1574 3126 Ι.
1599 3092 1679 3124 381.

604 3150 746 3202 [1455.]
806 3153 941 3204 omi)
972 3158 1110 3209 prioris
1139 3158 1388 3209 provincialis
1419 3157 1567 3197 ordinis
1596 3155 1899 3196 praedicatorum
1930 3157 1965 3194 in
1995 3156 2121 3196 Dacia
2156 3157 2276 3197 literae
2309 3158 2359 3197 ad
2388 3157 2542 3198 fratrem

346 3220 529 3261 Israelem
556 3219 737 3260 lectorem
761 3223 1056 3273 Sictouiensem,
1087 3227 1266 3280 ejusdem
1297 3228 1460 3276 ordinis,
1488 3227 1732 3268 continentes
1755 3228 1996 3280 exscriptum
2010 3226 2161 3269 Nicolai
2183 3241 2294 3282 papae
2323 3226 2408 3267 lVti
2429 3226 2543 3268 bullae

2647 811 2649 821 -
2645 746 2649 775 ,Λ
2640 584 2649 730 ,ῳ-...ᾲ
2636 539 2649 570 '2-
