2649 3686
839 166 995 216 Korra
1029 167 1160 236 Eun<
1196 166 1450 218 Gmppma.
2157 172 2255 223 133

300 334 458 384 [1051.]
514 334 643 375 Eruci
680 336 794 377 ducis
831 340 947 380 Jutiae
990 341 1134 390 literae,
1180 342 1324 396 quibus
1361 341 1613 381 donationem
1654 339 1844 379 bonorum
1883 342 1920 380 in
1959 341 2181 395 Suanstorp
2219 348 2259 382 et

2329 345 2444 384 1260.

35 407 137 462 juris
163 407 399 459 patronatus
428 404 479 444 ad
509 405 721 446 ecclesiam
750 407 1004 458 Bredtwadt,
1034 413 1274 452 monasterio
1303 411 1404 451 Loci
1427 411 1501 451 Dei
1524 425 1594 464 per
1619 409 1785 450 Abclem
1816 425 1947 463 regem
1979 411 2135 459 saetam,
2165 426 2253 451 con·
2283 414 2333 446 Η-
2359 415 2498 457 Api-ilis.

39 479 176 517 firmat.
204 496 258 504 -
285 475 414 528 Apud
439 475 597 515 Locum
627 475 734 523 Des,
766 477 909 518 Xvnl.
939 481 1090 520 calend.
1119 482 1233 536 Maji.

430 545 616 588 Langebek
641 547 780 590 scriptt.
806 550 905 583 Vlll.
935 551 1010 584 121.

297 605 456 655 [1052]
513 605 632 645 Eme·
678 608 795 648 ducis
822 610 939 651 Jutiae
979 613 1249 666 privilegium,
1292 613 1493 653 “claustro
1530 613 1891 654 sanctimonialium
1921 612 2026 652 beati
2062 612 2256 652 Joliannis
2299 619 2347 650 13.
2385 620 2477 659 Maji.

36 676 284 729 Schleswig”
314 690 576 724 concessum,
617 691 694 730 quo
724 679 844 719 villici
875 685 914 720 et
943 683 1072 722 coloni
1103 685 1276 737 ipsarum
1306 683 1355 723 ab
1386 683 1570 723 omnibus
1601 685 1778 725 servitiis
1807 687 1847 722 et
1876 682 2152 722 exactionibus
2176 684 2255 736 juri

37 747 149 788 ducis
177 746 438 787 attinentibus
467 746 579 786 liberi
609 751 649 786 et
678 751 822 789 exemti
853 751 1110 792 dimittuntur.
1139 776 1194 782 —-
1223 753 1472 807 Schleswiy,
1504 755 1541 793 in
1572 754 1636 794 die
1666 755 1919 793 ascensionis
1948 752 2111 792 domini.

429 817 663 860 VVcstpbalen
690 829 833 852 monum.
861 820 947 854 ined.
973 824 1033 855 111.
1059 824 1231 856 360—61.

295 877 454 927 [1053]
511 878 656 918 Literae
685 879 810 921 Eruci
841 885 966 933 regis,
996 884 1140 937 quibus
1169 889 1356 932 testatur,
1392 899 1437 924 se
1465 885 1633 924 'Nicolao
1663 887 1857 939 episcopo
1888 885 2132 925 Slesvicensi
2163 900 2256 939 pos-
2301 884 2335 917 6·
2368 885 2461 918 sulii.

35 950 244 990 sessiones
276 948 468 1002 quasdam
499 948 629 988 dictas
659 950 1017 999 Sundersordlmst,
1046 954 1364 1002 Nortesordliast,
1393 954 1594 994 Bornebul
1625 959 1665 1008 et
1693 956 1957 995 molendinum
1989 956 2185 1009 quoddam
2218 958 2256 995 in

5 1071 8 1079 ἰ
35 1019 223 1072 Aitsholy
252 1022 452 1059 scotasse.
484 1042 533 1048 —
565 1020 839 1072 IlIltlaelsaarl,
877 1024 914 1061 in
946 1027 1084 1062 octava
1112 1025 1396 1077 Apostolorum
1427 1025 1534 1064 Petri
1565 1029 1605 1064 et
1633 1026 1760 1065 Pauli.

430 1088 721 1133 CypraeiAnnall.
741 1091 843 1133 episc.
870 1093 983 1126 Slesv.
1012 1105 1044 1136 p.
1070 1094 1147 1128 283.
1197 1094 1425 1138 Pontoppidan
1446 1096 1584 1130 Annall.
1600 1096 1723 1129 eccles.
1744 1097 1832 1129 Dan.
1847 1096 1874 1129 1.
1898 1096 1978 1128 707.
2025 1097 2256 1139 VVestpbalen

429 1153 581 1184 Monum-
607 1151 696 1185 ined.
723 1154 819 1186 Τοιιι.
845 1155 909 1187 lv.
933 1155 1036 1189 3111.

1062 1237 1208 1286 1261.

2328 1221 2467 1290 1261s

295 1327 452 1377 [1054]
509 1326 699 1375 Escmu,
744 1329 924 1382 episcopi
958 1330 1190 1383 Ripensis„
1214 1330 1484 1383 privilegium,
1514 1333 1718 1370 canonicis
1747 1331 1997 1384 Ripensibus
2040 1331 2253 1378 indultum,
2286 1333 2318 1365 7-
2344 1334 2489 1366 Januar.

36 1406 105 1442 “ut
147 1413 286 1441 omnes
329 1412 464 1438 eorum
508 1398 629 1437 villici
675 1398 736 1437 vel
779 1399 908 1438 coloni
951 1402 1126 1452 partiarii
1170 1401 1230 1439 vel
1282 1402 1454 1439 nummis
1501 1401 1601 1451 (sic)
1652 1401 1830 1440 colentes
1880 1405 2005 1440 terras
2056 1402 2253 1454 ipsorum,

35 1472 277 1526 singulorum
306 1468 530 1523 praebendis
559 1468 621 1506 vel
660 1470 929 1525 communitati
960 1471 1135 1522 ipsorum
1165 1471 1400 1517 attinentes,
1443 1470 1566 1509 habiti
1604 1471 1665 1510 vel
1695 1471 1866 1510 habendi
1895 1485 1964 1523 pro
1995 1475 2193 1523 tempore,
2232 1485 2255 1510 a

31 1546 118 1598 jure
147 1545 284 1582 nostro
316 1538 594 1592 (episcopali),
624 1538 732 1591 quod
762 1538 858 1578 Gias
883 1540 1091 1592 vulgariter
1119 1541 1355 1594 appellatur,
1398 1541 1510 1580 liberi
1548 1543 1628 1581 sint
1666 1546 1706 1580 et
1743 1542 1976 1580 i1numnes''.
2018 1564 2071 1569 -—
2113 1542 2254 1594 Ripis,

36 1616 81 1662 in
102 1614 276 1654 crastino
306 1610 519 1665 epiphanie
549 1610 712 1649 domini.

431 1683 605 1723 Terpager
629 1679 723 1722 Ripae
751 1678 877 1714 Cimbr.
905 1690 935 1722 p.
964 1678 1132 1712 179—80.

296 1742 454 1791 [1055]
510 1742 678 1782 Essem
711 1742 893 1794 episcopi
921 1741 1116 1794 Ripensis
1145 1743 1437 1790 testimonium,
1467 1757 1512 1782 se
1542 1743 1694 1782 vidisse
1723 1742 1860 1781 literas
1891 1742 2078 1789 Gunneri,
2108 1744 2253 1796 praede·
2279 1753 2312 1784 7.
2346 1754 2490 1785 Januar.

8 1817 212 1859 vcessoris
255 1814 317 1853 sui
362 1812 459 1861 (vid.
502 1826 623 1865 supra
653 1811 875 1862 n0.*770.),
927 1812 1096 1864 ejusque
1138 1811 1275 1851 harum
1318 1813 1514 1852 literarum
1558 1813 1815 1852 confirmatio.
1866 1835 1918 1842 —
1968 1813 2110 1866 Rc'pis,
2163 1814 2254 1854 idus

35 1887 208 1928 Januarii
238 1877 424 1937 septimo.

430 1955 606 1996 Terpager
630 1952 725 1995 Ripae
751 1952 878 1985 Cimbr.
903 1963 935 1994 p.
966 1951 1041 1983 180.

294 2015 452 2064 [1056]
509 2014 659 2061 Emer,
690 2014 805 2052 (lucis
833 2014 970 2062 Jutiae,
1007 2013 1273 2066 privilegium,
1311 2027 1389 2066 quo
1420 2013 1747 2052 Slesvicensibus
1771 2015 1842 2066 jus
1872 2013 2129 2055 nundinarum
2159 2030 2248 2055 con·
2299 2027 2331 2058 7.
2365 2026 2465 2059 Febr.

35 2091 186 2132 ceditur
214 2087 265 2127 ad
295 2087 425 2139 ipsius
455 2085 659 2138 lugubrem
691 2084 1004 2123 devastationem
1033 2083 1303 2122 multimodam
1336 2083 1628 2135 quodammodo
1659 2083 1955 2123 sublevandam.
1990 2106 2039 2112 —-
2066 2085 2254 2135 Sleswilc,

33 2161 121 2201 Vll.
151 2159 243 2200 idus
271 2155 493 2196 Februarii.

429 2227 543 2258 Noodt
568 2228 741 2269 Beytriige
765 2226 792 2257 Ι.
817 2235 848 2267 p.
878 2223 1067 2256 165—166.

295 2286 454 2345 [1057]
513 2287 812 2327 Testamentum
842 2286 976 2324 Pam
1009 2277 1220 2323 Onmvsm}
1250 2266 1550 2324 de⁸Kalwaeris
1580 2307 1630 2313 —
1662 2285 1889 2333 Kal11·oer2's‚
1919 2285 1991 2324 XI.
2021 2286 2093 2323 cal.
2123 2286 2249 2338 April.
2274 2297 2295 2329 2

427 2358 533 2391 Suhm
567 2357 657 2390 nist.
684 2358 723 2389 uf
744 2356 892 2389 Danmk.
928 2356 974 2387 X.
1006 2353 1201 2387 971-976.
1260 2354 1459 2388 VVeinwicli
1492 2355 1711 2387 Stevnsherr.
1747 2356 1867 2387 Bcskr.
1901 2366 1932 2398 p.
1970 2355 2096 2387 8—11.
2156 2356 2253 2398 Apud

427 2419 646 2461 Weinwich‚
671 2418 695 2451 l.
722 2428 750 2451 c.
775 2429 807 2460 p.
836 2417 980 2459 12-13,
1008 2415 1176 2448 invenitur
1196 2416 1387 2457 designatio
1402 2417 1578 2457 bonor-um,
1605 2427 1675 2460 quae
1701 2416 1889 2448 “dominus‘
1902 2418 2023 2448 Petrus
2038 2416 2190 2449 Olaefsun
2213 2417 2254 2450 de

429 2480 627 2513 Kalwaeriis
660 2479 853 2521 assignavit
888 2479 930 2510 ad
963 2477 1218 2520 persolvendum
1253 2482 1490 2510 testamentum
1524 2489 1620 2510 suum
1656 2478 1687 2510 in
1721 2477 2035 2520 stelitimsliaeret‘’,
2073 2483 2105 2510 et
2130 2483 2251 2521 postea

342 2543 371 2561 ‘³⁸²
429 2542 512 2575 emit
535 2543 713 2575 Johannes
738 2544 910 2574 Ranaesun
936 2541 997 2572 sub
1024 2540 1084 2572 hac
1110 2538 1313 2581 conditione,
1340 2540 1398 2570 “ut
1422 2543 1657 2571 testamentum
1683 2539 1867 2572 solveret''.

296 2603 453 2654 [1058]
510 2604 729 2643 Famosum
769 2616 807 2641 ιΝ
847 2602 1076 2642 [ΤΤιΑΝυιΛ
1114 2613 1472 2639 CONSTITUTORUM
1505 2601 1699 2653 diploma,
1742 2601 1791 2640 de
1827 2614 1925 2653 pace
1969 2606 2009 2640 et
2043 2602 2253 2641 concordia

36 2688 121 2714 cum
151 2675 308 2715 civibus
336 2674 709 2727 Hamhurgensibus
739 2675 776 2712 in
806 2675 1039 2725 perpetuum
1070 2670 1275 2710 servanda.
1305 2692 1358 2698 —
1386 2670 1528 2708 Mense
1557 2671 1700 2722 Aprili.

429 2745 605 2777 sartorius
631 2744 757 2777 Gesch.
785 2743 844 2774 dci·
870 2744 984 2773 Hanse
1009 2742 1059 2773 ed.
1085 2740 1254 2782 Lappenb.
1282 2740 1324 2773 11.
1351 2740 1488 2772 Naclrtr.
1515 2751 1546 2782 p.
1573 2740 1744 2774 720—21.

296 2805 450 2854 [1059]
507 2806 673 2853 Literae,
701 2804 846 2858 quibus
874 2803 1081 2848 JAconus,
1111 2801 1439 2852 archiepiscopus
1468 2800 1716 2849 Lundensis,
1754 2803 2038 2841 monasterium
2069 2815 2247 2848 sororum

37 2874 185 2914 ordinis
214 2878 341 2915 sancti
365 2877 550 2916 Damiani
578 2874 791 2915 Roskildis
821 2874 1044 2912 devotionis
1073 2885 1194 2911 causa
1225 2869 1482 2909 visitantibus
1512 2875 1644 2910 certos
1675 2872 1761 2912 dies
1789 2872 1838 2912 de
1870 2874 2044 2925 injuncta
2075 2873 2126 2911 iis
2156 2886 2253 2925 poe·

37 2945 198 2984 nitentia
228 2945 390 2988 relaxat.
420 2970 474 2976 —
503 2947 646 2986 Mense
674 2945 787 2997 Maji.

430 3017 536 3049 Subm
562 3016 652 3048 Hist.
679 3016 720 3047 af
742 3014 891 3046 Danmk.
917 3013 963 3044 X.
988 3011 1159 3044 976—77.

2298 2297 2330 2328 2.
2356 2297 2489 2329 Martii.

2323 2608 2448 2650 Api-ui.

2330 2802 2433 2840 Majo.

296 3064 453 3127 [1060]
510 3078 716 3117 Laurentii
747 3075 988 3128 Upsalensis
1017 3072 1306 3124 archiepiscopi
1344 3071 1594 3119 mandatum,
1638 3072 1856 3112 secundum
1890 3073 2112 3125 exemplum
2143 3076 2249 3111 ζἰτιΑ-
2311 3078 2338 3110 l.
2366 3078 2463 3119 Maji.

37 3157 131 3186 'rius
153 3159 326 3186 mosa-Rau
354 3161 526 3187 sanem:
549 3147 799 3186 Lusor-:usis
824 3158 902 3183 ime
929 3156 1014 3182 NON
1040 3155 1094 3180 ET
1121 3142 1490 3180 Rosscnaemmsns
1523 3143 1857 3189 i-:chusmnum'',
1887 3146 1930 3181 ut
1951 3144 2174 3196 quicunque
2205 3142 2254 3181 ad

39 3216 250 3256 sacerdotii
280 3217 454 3256 ordinem
480 3221 689 3269 'promotus
720 3216 847 3261 suerit,
877 3214 952 3252 nisi
981 3213 1090 3266 prius
1120 3211 1350 3250 beneficium
1380 3211 1696 3251 ecclesiasticum
1727 3212 1926 3259 habuerit,
1964 3224 2082 3251 unum
2111 3225 2253 3251 anuum

40 3285 76 3322 in
107 3285 277 3325 ecclesia
306 3287 522 3340 Upsalensi
551 3287 766 3331 ministret,
796 3283 846 3322 ad
876 3283 1002 3322 officia
1032 3294 1103 3320 sua
1131 3279 1275 3319 melius
1303 3279 1507 3320 discenda.
1535 3295 1584 3309 —·
1615 3281 1776 3328 Calend.
1806 3281 1918 3334 Maji.

428 3355 606 3397 Liljegren
632 3355 859 3398 Diplomatar.
885 3355 1026 3385 Svccan.
1052 3349 1080 3383 1.
1107 3360 1160 3382 n0.
1188 3349 1265 3381 470.
1291 3359 1322 3392 p.
1348 3348 1427 3382 402.
