2649 3686
839 137 996 186 KoxG
1031 136 1160 185 Emi<
1196 136 1451 187 GmPPING.
2159 139 2257 189 147

45 313 136 354 buie
165 317 206 352 et
232 310 438 351 Huxmark
475 310 511 349 in
542 309 776 358 Swantzen,
819 316 935 351 antea
970 311 1138 351 Nicolao
1176 312 1370 364 episcopo
1409 312 1594 355 scotatae,
1637 306 1711 347 sed
1749 306 1954 346 Gerhardo
1999 309 2132 347 comiti
2168 308 2260 348 Hol-
2334 308 2451 350 1268.

45 384 156 424 satiae
185 380 389 434 obligatae,
419 379 543 420 libero
573 381 664 419 usui
695 382 773 434 ipsi
803 382 957 421 cedant.
987 404 1036 411 —
1072 382 1195 435 Apud
1222 380 1419 431 Sleswiy,
1450 378 1686 417 duodecimo
1715 377 1868 416 calend.
1898 377 2107 417 Decembr.
2282 377 2338 410 20.
2373 379 2493 411 Nox-br.

438 450 572 494 Cypraei
598 451 734 484 Annali.
761 451 864 494 episc.
890 452 1002 484 slesv.
1027 463 1058 495 p.
1084 451 1257 485 284—85.
1313 448 1545 492 Westphalen
1570 450 1722 480 Monum.
1755 447 1844 480 ined.
1877 449 1936 480 111.
1961 446 2040 481 291.
2073 448 2134 480 lv.
2158 447 2259 483 3115.

437 510 667 555 Pontoppidan
698 512 818 546 Annal.
845 513 926 546 eccl.
951 514 1038 546 Dan.
1066 514 1091 546 I.
1118 513 1196 545 731.
1244 512 1354 544 Noodt
1377 513 1549 554 Beytrfige
1575 510 1618 543 11.
1644 520 1676 552 p.
1706 508 1852 558 14517.

308 572 465 622 [1182]
521 572 648 613 Emer
689 576 794 626 regis
831 575 972 621 literae,
1015 574 1159 628 quibus
1197 587 1335 613 omnes
1373 573 1526 612 villicos
1564 575 1604 610 et
1632 571 1820 617 colonos,
1861 569 1910 608 ad
1949 583 2126 609 mensam
2156 583 2258 608 com-
2284 571 2340 604 26.
2374 572 2494 605 Novbr.

47 657 200 686 munem
231 644 508 682 canonicorum
539 646 579 682 et
609 643 795 684 fabricam
825 645 1005 685 ecclesiae
1036 645 1271 684 Arusiensis
1300 644 1565 696 pertinentes,
1608 641 1657 683 ab
1697 641 1801 681 omni
1836 641 1925 693 jure
1963 640 2070 691 regio
2107 639 2258 678 liberat.

46 737 98 744 —
127 713 287 754 Calend.
317 711 527 753 Decembr.
559 711 626 753 vl.

316 784 321 788 “
438 783 624 825 Langebek
649 784 788 828 scriptt.
813 785 876 817 vl.
902 785 1050 818 -101-2.

1066 864 1211 916 1269.
1972 849 1980 863 ’
2335 870 2450 911 1269.

306 946 464 997 [1183]
520 947 647 987 Emer
679 948 878 988 Danorum
907 950 1013 1001 regis
1043 949 1238 1002 diploma,
1282 961 1360 1001 quo
1396 946 1602 1001 privilegia
1632 949 1672 986 et
1699 945 2012 999 possessiones,
2051 958 2152 998 quas
2181 957 2262 983 mo·
2311 941 2345 973 2·
2373 941 2474 974 Febr-

47 1019 261 1059 nasterium
304 1017 540 1058 Viteschola
588 1020 735 1066 tenuit,
778 1020 998 1066 confirmat,
1041 1019 1403 1072 monasteriumque
1446 1017 1521 1056 snb
1564 1017 1812 1069 protectione
1858 1028 1931 1054 sua
1974 1016 2156 1067 suscipit.
2210 1035 2258 1042 -

47 1088 290 1143 Alaeburyla,
320 1088 385 1128 die
413 1089 702 1142 purificationis
730 1090 877 1130 Mariae.

440 1160 529 1192 Dan.
554 1159 719 1193 Biblioth.
744 1161 807 1194 Vl.
837 1160 1004 1193 149—50.

310 1220 467 1270 [1184]
523 1221 814 1269 Mncn'rinms,
845 1222 1039 1275 quondam
1070 1223 1212 1274 reginae
1240 1221 1389 1268 Daciae,
1419 1220 1576 1259 collatio
1607 1231 1705 1257 areae
1730 1217 1844 1270 juxta
1876 1215 2109 1256 coenobium
2133 1216 2261 1255 sancti
2309 1214 2342 1248 9-
2376 1215 2476 1248 Feb?-

48 1291 161 1332 Pauli
192 1293 230 1331 ln
260 1292 420 1331 civitate
450 1292 697 1331 Slesvicensi
729 1293 815 1331 sitae
846 1296 885 1331 et
913 1292 1163 1331 aedificiorum
1193 1292 1248 1331 ibi
1277 1290 1604 1331 exstruendorum
1642 1288 1692 1327 ad
1721 1300 1838 1327 usum
1876 1286 2034 1326 fratrum
2064 1286 2260 1326 Minorum

7 1384 13 1394 ι
47 1363 86 1401 in
116 1361 285 1402 Slesvic.
318 1383 364 1390 —
395 1361 446 1402 In
473 1361 584 1415 Kyl,
614 1362 664 1400 V.
694 1362 786 1401 idus
814 1362 1030 1401 Februarii.
1727 1345 1729 1347 Ι

441 1433 555 1465 Noodt
578 1434 752 1476 Beytriige
776 1434 803 1466 I.
832 1433 861 1465 l.
911 1433 981 1465 Cfr.
1007 1431 1205 1475 VVesspbal.
1230 1434 1380 1464 Menum.
1407 1429 1495 1462 ined.
1524 1429 1586 1462 lv.
1610 1428 1714 1461 3182.
1741 1438 1795 1461 no.
1824 1427 1878 1460 10.

311 1494 468 1543 [1185]
524 1493 651 1534 Enim
683 1494 883 1533 Danorum
914 1495 1198 1548 Slavorumque
1237 1495 1344 1545 regis
1373 1497 1412 1531 et
1450 1491 1565 1530 ducis
1592 1490 1819 1537 Esthoniae,
1863 1502 1909 1528 ac
1938 1487 2170 1539 Margaretae
2205 1500 2262 1526 re·
2286 1483 2319 1516 2·
2355 1482 2496 1526 Aprilis·

48 1566 147 1617 ginae
175 1566 314 1604 matris
344 1566 434 1618 ejus
464 1564 514 1604 ad
542 1565 768 1617 pontificem
796 1565 1018 1604 Romanum
1048 1565 1188 1611 literae,
1218 1564 1362 1618 quihus
1391 1561 1631 1614 significant,
1676 1574 1722 1600 se
1749 1560 1939 1611 magistro
1968 1557 2135 1597 Nicolao
2172 1570 2260 1596 can-

48 1635 207 1675 cellario
243 1637 372 1688 regis,
416 1640 456 1675 et
487 1635 606 1675 Petro
643 1635 856 1674 Arusiensi
899 1634 1197 1682 archidiacono,
1239 1634 1389 1673 nuntiis
1432 1631 1482 1670 ad
1525 1631 1662 1670 sedem
1699 1629 1963 1683 apostolicam
2005 1628 2168 1673 missis,
2211 1625 2261 1664 de

48 1718 172 1744 causa
206 1706 314 1758 regis
345 1710 482 1745 contra
515 1706 708 1745 Jacobum
747 1705 1088 1758 archiepiscopum
1124 1704 1402 1748 Lundensem‚
1456 1700 1617 1740 Petrum
1653 1699 1965 1739 Roskildensem
2007 1698 2261 1750 episcopum,

0 1825 2 1827 Ι
49 1775 239 1815 Sacerum
267 1777 523 1829 praepositum
551 1775 829 1822 Lundensem,
858 1788 960 1827 mag.
988 1775 1052 1814 Ro
1084 1776 1315 1813 canonicum
1344 1772 1564 1824 Ripensem
1594 1774 1634 1809 et
1661 1769 1813 1816 David,
1857 1772 2050 1807 rectorem
2081 1766 2260 1805 ecclesiae

0 1879 2 1881 .
49 1844 99 1885 de
122 1845 270 1894 Ruthe,
299 1846 610 1886 Roschildensis
639 1846 889 1892 dioeceseos,
916 1845 1069 1899 plenam
1092 1847 1332 1897 potestatem
1356 1841 1519 1880 dedisse
1549 1839 1598 1879 ad
1621 1838 1917 1892 paciscendum,
1947 1835 2261 1890 componendum

49 1905 537 1969 et⁷compromittendum,
581 1916 712 1969 quoad
740 1916 841 1956 hanc
869 1929 1030 1956 causam
1059 1916 1291 1968 pertineret,
1332 1915 1450 1966 prout
1485 1909 1665 1949 viderent
1702 1909 1901 1963 expedire.
1945 1930 1995 1936 —
2039 1905 2260 1961 Nyburyle,

51 1983 118 2024 lv.
147 2000 237 2026 non.
266 1987 432 2041 Aprilis.

445 2057 617 2101 Raynald.
643 2056 769 2090 contin.
794 2060 918 2090 Bar-on.
943 2055 983 2087 ad
1009 2065 1087 2088 ann.
1116 2053 1214 2086 1269.
1240 2053 1302 2086 IX.
1327 2054 1421 2084 Torn.
1447 2051 1508 2084 111.
1534 2062 1566 2094 p.
1591 2050 1670 2083 258.

313 2115 471 2168 [1186]
527 2119 689 2159 Eser-:111
722 2119 900 2171 episcopi
930 2117 1125 2169 Ripensis
1154 2115 1273 2154 literae
1304 2113 1507 2167 supplices
1537 2112 1584 2150 ad
1623 2115 1886 2151 sacrosanctae
1915 2110 2108 2149 Romanae
2137 2106 2261 2146 eccle·
2292 2102 2343 2136 12·
2378 2102 2518 2146 ΑΡΡῙΙῙΞ·

51 2190 121 2228 siae
150 2203 348 2230 summum
377 2191 624 2242 pontificem,
655 2204 770 2243 quem
800 2192 923 2241 rogat,
954 2191 996 2226 ut
1024 2187 1159 2226 literas
1183 2184 1379 2224 Guidonis
1403 2182 1629 2229 cardinalis,
1646 2196 1765 2234 supra
1781 2180 1856 2220 sul)
1875 2194 1937 2220 no.
1967 2178 2083 2219 1143.
2107 2177 2261 2222 allatas,

51 2256 280 2299 confirmare
307 2260 415 2299 velit.
444 2283 494 2289 —-
528 2259 577 2299 ll.
608 2260 698 2299 idus
726 2260 891 2312 Aprilis.

447 2331 633 2373 Langebek
658 2330 797 2373 scriptt.
822 2329 919 2362 vlu.
948 2325 1115 2360 128—29.

315 2392 471 2442 [1187.]
528 2393 604 2432 Jus
633 2392 869 2444 municipale
899 2391 1100 2441 Ripense,
1143 2385 1191 2425 ab
1220 2385 1356 2426 Enrco
1386 2397 1500 2436 rege,
1538 2381 1815 2434 Christophori
1846 2381 1951 2433 regis
1980 2379 2083 2426 filio,
2126 2377 2259 2417 confir-
2293 2372 2348 2406 26·
2381 2371 2487 2404 Junii.

54 2466 213 2504 matum.
246 2485 294 2492 -
325 2462 376 2503 In
405 2464 581 2504 concilio
610 2463 725 2516 apud
750 2460 949 2515 Nqbor'qlt
977 2457 1207 2505 celebrato,
1238 2459 1352 2495 sexto
1382 2453 1534 2492 calend.
1563 2453 1671 2492 Julii.

448 2534 586 2567 Ancher
609 2531 829 2566 Lovhistorie
852 2532 896 2564 Il.
923 2538 1054 2563 access.
1073 2529 1143 2568 jur.
1169 2524 1327 2568 munipal.
1353 2535 1385 2567 p.
1410 2523 1607 2556 255—267.
1661 2518 2078 2564 Kolderup-Rosenvinge
2102 2517 2208 2551 Sami.
2229 2517 2269 2549 af

448 2595 494 2638 gl.
520 2596 651 2628 danske
674 2596 767 2627 Love
791 2595 836 2626 V.
861 2592 930 2625 216
954 2601 1044 2634 seqq.

317 2657 474 2708 [1188.]
531 2657 677 2696 Literae
705 2655 921 2695 JOHANMS
953 2653 1194 2696 Acssnssmv,
1224 2647 1370 2701 quibus
1398 2649 1532 2685 notum
1563 2644 1677 2692 facit,
1708 2643 1812 2698 quod
1841 2642 2048 2682 monachis
2077 2640 2126 2680 de
2154 2640 2265 2681 Loco
2302 2645 2358 2679 29.
2383 2646 2489 2679 Junii.

56 2725 131 2766 Dei
161 2726 238 2766 duo
270 2727 434 2780 Ottinge
464 2728 614 2779 integra
645 2727 683 2765 in
712 2724 893 2777 Arndrop
922 2721 1054 2762 marck
1084 2718 1300 2759 vendiderit
1329 2720 1369 2756 et
1405 2715 1631 2755 sectaverit.
1674 2734 1726 2744 ·-
1770 2713 1813 2753 In
1850 2713 1955 2752 sesto
1993 2710 2263 2765 apostolorum

56 2795 164 2838 Petri
194 2801 234 2838 et
261 2797 389 2837 Pauli.

189 2885 191 2889 ·
449 2866 639 2909 Langebek
663 2865 801 2909 Scriptt.
826 2864 921 2897 VIII.
950 2862 1025 2895 148.

319 2928 475 2978 [1189.]
532 2929 677 2968 Literae
718 2927 843 2967 Eruci
888 2925 1087 2964 Danorum
1130 2920 1257 2971 regiS,
1301 2916 1444 2970 quibus
1487 2915 1670 2955 abbatem
1708 2919 1749 2955 et
1785 2918 2021 2955 conventum
2048 2912 2151 2952 Loci
2191 2909 2267 2949 Dei
2305 2914 2360 2947 30.
2387 2913 2494 2946 Junii.

59 2996 135 3037 sub
164 2999 329 3052 speciali
361 3013 435 3038 sua
464 3000 710 3053 protectione
738 2997 898 3049 recipit,
934 2995 1063 3046 iisque
1091 2990 1196 3029 varia
1225 2986 1430 3040 privilegia
1459 2985 1622 3024 confert.
1660 3007 1709 3014 -
1753 2984 1802 3025 In
1841 2985 2014 3025 coneilio
2043 2983 2158 3037 apud
2183 2981 2269 3035 Ny-

60 3065 209 3121 borqltj',
240 3068 304 3109 die
334 3069 723 3109 commemorationis
753 3067 796 3105 S.
827 3065 954 3104 Pauli.

452 3139 636 3180 Langebek
672 3137 809 3180 Seriptt.
845 3136 923 3167 VII.
960 3130 1039 3166 326.
1076 3128 1172 3162 vm.
1211 3126 1295 3167 177,
1331 3135 1394 3169 quo
1431 3125 1549 3158 ultimo
1587 3127 1700 3158 tamen
1737 3125 1810 3158 loco
1845 3124 1952 3158 literae
1990 3134 2112 3157 annum
2149 3122 2271 3155 habent

453 3199 717 3232 MCCLXXIX.
742 3206 803 3240 pro
829 3193 1057 3228 MCCLXIX.
1091 3189 1178 3232 (vid.
1205 3188 1311 3220 Suhm
1343 3187 1435 3221 nist.
1460 3187 1500 3220 at*
1521 3187 1666 3219 Danmk.
1691 3187 1737 3219 X.
1761 3185 1864 3230 997).
1926 3186 2084 3220 Ceterum
2110 3184 2270 3217 Suhmius

455 3271 493 3293 ex
528 3260 593 3293 hoc
626 3253 695 3291 'uno
733 3257 912 3299 eodemque
948 3254 1129 3298 diplomate
1164 3249 1232 3282 tria
1266 3249 1373 3291 facit,
1409 3258 1480 3292 quae
1511 3248 1554 3281 ad
1586 3258 1663 3281 ann.
1702 3248 1801 3282 1268.
1837 3247 1935 3282 1269.
1969 3251 2003 3280 et
2041 3246 2139 3279 1279.
2165 3245 2272 3279 refert

456 3320 569 3363 [nist.
594 3321 634 3357 af
653 3319 802 3353 Danmk.
828 3318 873 3350 X.
898 3317 978 3349 615.
1003 3313 1082 3347 626.
1108 3310 1219 3353 7850.
