2649 3686
350 161 448 210 170
1152 152 1304 200 Koxo
1339 146 1472 194 Emi<
1505 144 1744 191 MENVED.
2153 170 2157 172 ἡ

347 218 2563 258 μέμ

162 334 278 374 1287.
348 334 449 374 Kele
479 332 632 376 scribit,
662 334 704 370 ut
734 331 842 368 viros
871 327 1093 380 complures
1123 325 1158 363 in
1189 319 1384 364 Wironia‚
1423 318 1523 355 iuter
1553 327 1656 367 quos
1685 312 1868 352 monachi
1898 311 1946 351 de
1975 309 2174 362 Falkena'a
2205 313 2332 356 erant,
2362 311 2426 363 qui
2457 310 2558 351 bona

119 405 151 436 ⁸·
177 403 318 446 Aprilis·
353 405 494 443 civium
524 400 814 440 Lubecensium
844 412 891 436 ex
921 395 1122 445 naufragio
1158 391 1317 431 liberata
1357 388 1667 438 occupaverant,
1709 382 1760 421 ad
1790 383 1978 420 rationem
2007 383 2195 433 poscant,
2234 383 2462 419 coercentes
2491 394 2560 420 eos

351 475 478 525 rigore
502 472 626 524 juris,
671 467 899 521 hujusmodi
937 464 1038 503 bona
1073 457 1381 501 irrationabiliter
1418 457 1608 507 occupata
1644 466 1840 504 exponere
1870 454 1908 490 et
1945 451 1982 488 in
2012 463 2153 489 manus
2183 451 2328 489 civium
2357 448 2559 490 Lubecen-

351 544 451 582 sium
483 543 519 580 in
551 541 704 579 civitate
733 535 961 576 Revaliensi
991 531 1244 571 habitantium
1274 527 1493 577 assignare,
1525 523 1753 562 obstinaces
1783 521 1831 561 ad
1857 521 2106 574 praesentiam
2132 521 2238 571 regis
2262 520 2359 559 infra
2383 523 2559 560 octavam

350 612 542 652 Johannis
574 609 752 661 baptistae
782 607 909 644 citare.
969 600 1160 641 Testibus
1187 595 1453 650 praesentibus
1483 593 1560 632 dno
1589 592 1746 631 &Vislao
1781 592 1957 643 principe
1987 590 2251 636 Ruianorum,
2291 591 2396 640 regis
2424 589 2559 630 Daniae

350 681 546 734 dapifer03
575 678 736 718 Nicolao
766 673 976 718 Bossohn,
1019 671 1209 710 advocato
1240 668 1275 705 in
1306 661 1646 715 VVordingburch3
1690 660 1838 700 Davith
1876 661 1953 700 filio
1989 659 2231 699 Thorstanni
2270 665 2309 699 et
2344 659 2558 699 Benedicta

350 751 531 790 waesta.
560 771 612 777 -
649 742 1014 795 lVortlainqburgslc,
1045 740 1157 778 tertia
1188 737 1249 775 die
1277 733 1450 788 paschae.
2552 722 2553 725 ’

739 817 871 856 Βι·ε)ὀῐ’
895 811 1031 854 specIm.
1058 810 1097 841 de
1122 808 1231 839 naufr.
1255 816 1287 848 p.
1315 803 1519 837 CXLI—11.

606 876 750 927 [1378.]
808 874 1033 913 Jonas-xes
1071 867 1323 908 Tusculanus
1362 867 1598 917 episcopus,
1642 863 1872 916 apostolicae
1903 862 2014 901 sedis
2053 861 2232 914 legatus,
2277 865 2411 900 notum
2447 861 2558 909 facit,

351 949 487 1003 “quod
517 961 590 986 nos
620 944 893 984 Aitholuthum
923 940 1078 980 honesti
1111 938 1201 986 (sic)
1230 935 1452 975 Bandinum
1484 935 1532 974 de
1561 934 1767 979 Fondora,
1793 932 2016 972 Johannem
2047 931 2316 978 Cimbardum,
2357 931 2559 972 Thomasi-

350 1033 442 1060 num
473 1019 521 1056 de
551 1015 696 1060 Podio,
726 1013 892 1052 Stellum
922 1007 1187 1060 Rostiompoli
1218 1011 1256 1045 et
1287 1004 1557 1045 Tebasdinum
1587 1004 1635 1043 de
1663 1002 1972 1055 Mangialmark,
2012 1003 2120 1041 cives
2150 1006 2189 1041 et
2217 1006 2456 1050 mercatores
2484 1002 2560 1042 Lu-

350 1102 470 1129 canos
501 1087 548 1125 de
576 1086 764 1124 societate
794 1082 895 1120 dicta
926 1078 1240 1118 Ruchiardorum
1271 1105 1390 1115 .....
1422 1076 1650 1115 ordinamus
1680 1078 1842 1113 nostros
1872 1073 2071 1124 legitimos
2099 1072 2380 1125 praedicatores
2411 1076 2449 1111 et
2470 1087 2561 1112 nun-

348 1160 426 1198 tios
464 1155 656 1209 speciales
698 1153 748 1192 ad
785 1149 995 1203 petendum
1031 1151 1070 1187 et
1107 1145 1374 1199 recipiendum
1410 1151 1547 1185 nostro
1579 1147 1733 1185 nomine
1771 1158 1794 1184 a
1833 1142 2136 1197 quibuscunque
2165 1143 2350 1196 personis
2379 1142 2562 1182 ecclesia-

347 1229 459 1268 sticis
489 1224 746 1267 Alemanniae,
786 1220 982 1264 Bo‘emiae,
1018 1217 1172 1256 DAcrAE
1204 1229 1250 1255 ac
1280 1216 1432 1255 Sveciae
1461 1217 1595 1268 regnis
1626 1245 1635 1255 .
1654 1245 1663 1255 .
1682 1244 1719 1256 ..
1750 1218 1790 1254 et
1819 1229 1841 1254 a
1871 1212 2177 1267 quibuscunque
2205 1207 2390 1265 personis
2420 1216 2561 1253 nostrae

348 1296 553 1349 legationis
597 1292 657 1332 vel
697 1288 1019 1344 praedicatoribus
1054 1286 1291 1326 eorundem''
1335 1300 1474 1325 omnes
1516 1286 1729 1339 pecunias,
1772 1285 2011 1324 “occasione
2041 1283 2218 1335 ipsarum
2247 1282 2564 1335 praedicationum

346 1371 564 1406 nostrarum
594 1362 708 1402 nobis
737 1358 1060 1414 persolvendas”.
1092 1380 1142 1385 -—
1174 1355 1356 1405 Bletlzz's,
1400 1355 1487 1395 llll.
1517 1369 1608 1394 non.
1645 1355 1745 1409 Maji
1774 1359 1869 1409 post
1899 1353 2049 1393 obitum
2077 1353 2242 1393 Honorii
2271 1366 2382 1406 papae
2413 1356 2560 1406 quarti,

345 1435 562 1489 apostolica
589 1433 684 1472 sede
715 1433 888 1470 vacante.

734 1503 910 1543 Terpager
933 1499 1027 1542 Ripae
1055 1497 1182 1531 Cimbr.
1208 1508 1240 1541 p.
1265 1496 1416 1530 92—93.
1474 1496 1549 1530 Cfr.
1575 1496 1682 1529 Suhm
1707 1495 1797 1528 Hist.
1824 1496 1866 1528 af
1886 1495 2033 1528 Danmk.
2058 1494 2123 1526 XI.
2149 1493 2191 1525 41
2227 1492 2289 1536 (ad
2321 1504 2399 1526 ann.
2428 1493 2561 1538 1288.)

121 1574 178 1606 22.
210 1573 308 1614 Maji.
605 1562 750 1614 [1379]
808 1562 952 1601 Literae
990 1561 1169 1599 Srneon
1211 1560 1464 1604 ΑΝοΕιιεὸΝ,
1517 1558 1716 1612 quondam
1760 1559 1864 1610 regis
1900 1556 2106 1596 Danorum
2149 1555 2372 1601 marscalci,
2417 1555 2562 1608 quibus

346 1636 546 1691 probibet,
584 1649 632 1673 ne
662 1633 808 1673 familia
837 1646 909 1671 sua
939 1630 1228 1683 possessiones
1261 1630 1536 1668 canonicorum
1566 1628 1868 1673 Arusiensium,
1912 1628 1950 1666 in
1981 1624 2260 1666 Skramsholm
2290 1629 2328 1665 et
2357 1625 2449 1665 alibi
2478 1625 2562 1666 ubi-

138 894 168 924 4.
201 872 298 933 MajiJ

349 1720 501 1760 cunque
531 1707 653 1751 sitas,
684 1704 853 1742 infestet.
887 1724 935 1730 —
968 1700 1117 1750 Quinta
1149 1700 1242 1739 feria
1268 1714 1378 1753 prox.
1409 1703 1500 1738 ante
1532 1698 1622 1738 fest.
1652 1701 1921 1751 pentecostes.

730 1772 914 1814 Langebek
940 1770 1080 1813 Scriptt.
1104 1771 1167 1803 VI.
1193 1770 1272 1802 416.

130 1842 180 1874 23.
207 1841 307 1882 Maji.
604 1835 761 1887 [1380]
821 1831 1085 1878 Collectbrev,
1129 1832 1294 1871 udstedt
1323 1831 1368 1871 af
1390 1831 1554 1870 Prioren
1591 1830 1729 1869 VVYBE
1759 1828 2061 1869 MEYNSTORPE
2099 1843 2151 1881 og
2188 1828 2276 1868 hele
2307 1828 2561 1868 Conventeti

344 1911 404 1950 St.
434 1909 637 1950 Johannes
666 1905 871 1944 Klosteret
898 1917 974 1956 paa
1003 1902 1169 1942 Holmen
1200 1902 1303 1941 uden
1334 1901 1393 1940 for
1420 1900 1613 1947 Sleswik,
1657 1900 1768 1939 hvori
1807 1899 1855 1939 de
1884 1899 1986 1939 bede
2016 1899 2103 1938 Alie
2134 1912 2186 1950 og
2215 1897 2375 1937 Enhver
2404 1912 2466 1938 om
2498 1899 2563 1938 Al-

339 1982 460 2020 misse
489 1979 532 2018 til
563 1977 785 2021 Klosteret,
816 1988 903 2014 som
933 1987 1001 2013 var
1028 1972 1232 2018 asbraendt.
1255 1995 1308 2000 —
1334 1971 1532 2020 Sleswilc,
1563 1985 1625 2011 am
1646 1971 1858 2024 Frydaghe
1890 1985 1959 2011 vor
1984 1969 2244 2022 Pinghesten.
2301 1967 2561 2020 (Plattydsk).

733 2045 964 2087 Westphalen
989 2046 1142 2076 Monum.
1168 2042 1257 2075 ined.
1283 2042 1345 2075 111.
1373 2041 1545 2074 335-36.
1570 2042 1744 2075 361—62.

119 2121 171 2153 22.
198 2121 303 2154 Junii.
606 2108 757 2156 [1381.]
814 2106 1017 2146 Enwanm
1054 2105 1206 2156 Angliae
1244 2105 1350 2156 regis
1389 2103 1438 2142 ad
1475 2102 1730 2143 Edmundum
1773 2105 1954 2144 comitem
1993 2100 2219 2147 Cornubiae,
2262 2101 2373 2152 regni
2409 2100 2562 2152 Angliae

343 2181 566 2226 custodem,
596 2179 733 2224 literae,
762 2176 830 2216 uhi
860 2191 907 2216 ex
937 2175 1062 2215 literis
1090 2174 1299 2226 Norvegiae
1329 2175 1434 2226 regis
1464 2177 1592 2213 narrat
1622 2174 1800 2220 facinus,
1832 2173 1938 2227 quod
1968 2174 2004 2211 in
2035 2176 2208 2211 “REGEM
2240 2183 2447 2218 quomam
2476 2170 2561 2210 DA·

344 2267 443 2298 0113,
474 2264 589 2290 avum
613 2249 819 2299 Norvegiae
843 2247 984 2298 regis”,
1016 2245 1157 2285 fratres
1187 2245 1316 2297 ipsius
1346 2245 1451 2295 regis
1482 2243 1615 2282 Daciae
1643 2244 1971 2297 perpetraverintg
2002 2255 2123 2294 quare
2152 2242 2285 2280 comiti
2313 2241 2490 2287 mandat,
2519 2245 2563 2280 ut

343 2321 542 2367 omnibus,
582 2321 648 2373 qui
677 2334 724 2358 ex
754 2331 873 2369 regno
903 2316 1055 2368 Angliae
1087 2329 1174 2354 cum
1212 2315 1348 2353 nuntio
1379 2315 1486 2366 regis
1515 2313 1720 2366 Norvegiae
1759 2313 1939 2368 (Olivero
1970 2313 2018 2351 de
2048 2315 2181 2351 monte
2221 2313 2373 2365 Spinae,
2419 2315 2561 2354 comite
2630 2359 2633 2362 ‚

342 2392 580 2443 Saresburg)
621 2390 657 2428 in
685 2388 864 2441 ejusdem
895 2387 999 2438 regis
1035 2385 1260 2425 subsidium
1299 2385 1353 2423 ire
1391 2385 1605 2431 voluerint,
1644 2384 1810 2424 liberum
1840 2386 2099 2422 commeatum
2132 2384 2317 2435 praebeat.
2355 2405 2410 2412 —-
2437 2384 2565 2437 Apud

341 2463 488 2509 Paris,
519 2460 649 2500 XXII.
679 2459 805 2505 Junii,
834 2457 942 2508 regni
972 2470 1073 2496 anno
1105 2455 1218 2494 XIV.

731 2527 872 2572 Rymeri
904 2527 1009 2559 Foed.
1035 2526 1086 2559 ed.
1125 2525 1252 2558 Clarke
1287 2526 1320 2556 et
1345 2523 1542 2557 Holbrooke
1572 2522 1654 2556 Vol.
1687 2525 1714 2556 I.
1740 2524 1777 2555 P.
1803 2525 1846 2556 II.
1879 2534 1910 2566 p.
1947 2521 2027 2555 667.
2089 2522 2280 2556 Thorkclin
2316 2524 2496 2558 Analecta.
2528 2535 2558 2568 p.

736 2589 905 2622 159—60.
955 2588 1029 2620 cfr.
1055 2586 1161 2619 Suhm
1187 2586 1277 2618 Hist.
1303 2586 1342 2618 af
1363 2587 1510 2618 Danmk.
1535 2587 1597 2618 XI.
1626 2585 1771 2617 18—21.
1796 2584 1944 2617 29—30.

602 2651 756 2700 [1382]
814 2650 933 2689 Enicl
972 2650 1078 2700 regis
1118 2654 1156 2688 et
1186 2648 1381 2695 HAqmm
1414 2647 1530 2686 ducis
1558 2646 1766 2698 Norvegiae
1806 2647 1924 2685 literae
1963 2646 2227 2697 protectoriae,
2272 2647 2371 2686 datae
2403 2647 2557 2700 Stigoto

121 2666 174 2698 25.
203 2664 306 2697 Junii.

346 2722 607 2768 Andraesson,
636 2721 800 2759 Nicolao
829 2720 1037 2769 Knutson,
1067 2718 1233 2758 Nicolao
1265 2717 1563 2763 Hallandesfar,
1608 2716 1729 2755 Petro
1758 2715 1983 2762 Jacobson,
2027 2715 2145 2754 Petro
2174 2715 2278 2755 Pors
2308 2721 2347 2755 et
2374 2716 2558 2768 Stigotho

345 2791 601 2836 Nicolasson,
643 2789 853 2835 militibus,
892 2803 964 2828 nec
1002 2803 1079 2828 non
1109 2787 1268 2840 Aghoni
1300 2787 1406 2827 Cake
1437 2791 1475 2826 et
1504 2787 1658 2826 Ranoni
1696 2785 1898 2825 Jonesson
1934 2786 2158 2837 armigeris,
2205 2786 2299 2825 viris
2336 2786 2477 2826 Danis.
2505 2808 2558 2815 -—

352 2860 578 2912 Tonsberq,
608 2862 644 2898 in
675 2861 845 2898 crastino
876 2860 1090 2898 nativitatis
1120 2858 1158 2897 b.
1187 2857 1384 2898 Johannis
1413 2857 1610 2910 baptistae.

736 2928 921 2959 Thorkelin
946 2928 1167 2971 Diplomatar.
1192 2930 1432 2969 Arna—Magn.
1458 2928 1502 2960 ΙΙ.
1528 2939 1561 2970 p.
1589 2927 1664 2959 110.
1712 2924 1865 2966 nolherg
1888 2925 2011 2957 Danm.
2037 2924 2129 2958 nist.
2154 2927 2181 2958 Ι.
2206 2925 2377 2958 358-59.

135 3000 188 3032 22,
215 2999 307 3033 Jum,
607 2988 761 3036 [1383]
820 2988 1036 3028 JOHANle
1069 2990 1248 3041 episcopi
1280 2989 1516 3035 Tusculani,
1561 2987 1788 3041 apostolicae
1818 2986 1926 3025 sedis
1959 2986 2097 3037 legati,
2135 2988 2374 3026 confirmatio
2404 2988 2555 3040 privile·

349 3060 497 3109 giorum
528 3058 671 3096 ordinis
702 3057 1003 3097 Praedicatorum
1032 3059 1068 3096 in
1098 3058 1224 3098 Dacia
1254 3063 1293 3098 et
1323 3059 1476 3098 Svecia.
1509 3080 1558 3086 —
1593 3055 1834 3103 Camerace',
1879 3055 1952 3094 Xl.
1983 3056 2132 3095 calend.
2164 3057 2358 3109 Augusti,
2399 3061 2556 3111 aposto-

347 3128 418 3167 lica
449 3126 544 3166 sede
574 3129 747 3164 vacante.

739 3191 911 3232 Liljegrcn
936 3192 1163 3235 Diplomatar.
1189 3195 1333 3227 Svecan.
1358 3195 1403 3228 ΙΙ.
1430 3204 1483 3227 no.
1509 3192 1587 3226 94⁴2.
1613 3203 1644 3235 p.
1669 3191 1726 3223 30.

129 3267 183 3300 31·
215 3266 311 3300 Juffi,
607 3252 762 3299 [1384]
820 3253 1094 3294 XVALni-nmm
1135 3255 1248 3294 ducis
1286 3255 1403 3294 Jutiae
1442 3255 1638 3308 diploma,
1685 3265 1762 3305 quo
1802 3251 1956 3290 civibus
1995 3250 2300 3293 Lubecensibus
2337 3268 2408 3306 per
2437 3267 2553 3307 quos-

346 3335 498 3374 cunque
529 3321 695 3361 ducatus
736 3323 799 3360 sui
838 3324 1021 3364 terminos
1059 3325 1095 3363 in
1126 3323 1350 3364 Flandriam
1392 3329 1459 3365 aut
1497 3324 1594 3365 alias
1629 3323 1682 3363 ire
1710 3321 1932 3363 volentibus
1963 3322 2011 3363 ad
2042 3336 2301 3378 quascunque
2331 3324 2552 3377 provincias
