2649 3686
768 134 922 182 KoNG
956 133 1008 181 V
1010 150 1247 183 ALDEMAR
1281 133 1572 182 ATTERDAG.
2177 139 2274 188 263

331 304 487 352 [2196]
545 303 699 344 Mina-1
745 306 936 354 Svethiw,
985 307 1192 360 Nor-vegim
1235 307 1469 359 Scaniaeque
1520 306 1625 358 regis
1665 305 1888 358 privilegia,
1940 307 2082 346 incolis
2125 310 2274 347 Scaniae
2349 310 2460 349 1310.

69 386 276 415 concessa.
307 395 357 402 —
387 373 685 426 Helsz‘nqburq,
715 376 845 427 vigilia
875 376 912 415 b.
943 376 1049 417 Petri
1081 383 1119 417 et
1150 377 1273 416 Pauii.
2301 378 2355 410 28-
2390 381 2492 412 Junii.

458 443 566 484 Bring
597 446 748 477 Monum-
782 449 880 478 Scan.
919 448 944 480 Ι.
978 458 1007 490 p.
1048 447 1194 480 iol-9.
1255 448 1341 479 Dan.
1378 446 1517 489 interpr.
1551 456 1603 488 ap.
1639 445 1833 486 masclae,
1871 447 1991 478 Danm.
2028 445 2134 487 Riges
2170 447 2276 479 Kron-

459 516 490 548 p.
517 505 595 537 476.
622 504 696 548 (ed.
723 507 755 539 in
787 508 813 540 1.
839 509 877 539 Τ.
904 508 963 541 111.
991 520 1022 551 p.
1048 509 1149 552 437.)
1177 512 1209 541 et
1234 519 1287 552 ap.
1315 509 1442 550 Sulnm,
1467 507 1556 540 nist.
1578 508 1618 539 a?
1639 508 1785 539 Dnnmk.
1811 507 1907 539 xm.
1938 507 2081 540 13-15.

329 566 486 615 [2197]
542 566 817 607 VVALnnmAm
847 569 1047 608 Dauormn
1078 571 1364 623 Slavorumque
1394 571 1499 621 regis
1529 573 1568 608 et
1597 568 1711 608 ducis
1740 568 1918 607 Estoniae
1948 569 2090 614 literm,
2136 567 2279 621 quibus
2320 570 2371 602 1⁷-
2403 572 2498 604 Juiii.

67 628 630 689 monasteriumN'itaeseholoe
661 637 735 676 sub
765 640 1010 690 protectione
1040 654 1112 679 sua
1142 642 1334 692 suscipit,
1363 639 1650 693 privilegiaque
1680 643 1720 678 et
1749 639 2019 678 immunitates
2042 639 2167 678 eidem
2193 653 2282 677 con-

68 719 211 747 cessas
240 707 455 746 confirmat.
483 728 538 734 —
566 706 761 760 Alburfse',
792 708 855 747 die
884 708 1013 748 xvll.
1044 711 1195 748 mensis
1224 710 1333 748 Julii.

459 777 692 819 Pontoppidan
717 778 852 810 Annali.
879 779 960 811 eccl.
987 781 1074 811 Dan.
1101 780 1142 812 11.
1173 780 1246 812 157.
1295 782 1382 812 Diin.
1408 779 1567 812 Biblioth.
1590 781 1651 812 VI.
1680 778 1848 811 150-5‘2.

326 837 483 887 [2198]
541 837 685 878 Literae
715 838 997 888 lncwnrnrs,
1041 842 1124 880 filiae
1156 841 1260 879 Petri
1289 841 1441 880 Jonson
1471 842 1627 887 militis,
1672 841 1816 894 quibus
1846 841 1978 879 omnia
2007 839 2108 879 bona
2140 854 2212 880 sua
2243 843 2280 880 in
2318 847 2350 877 7.
2377 848 2508 890 septbr.

68 907 292 960 Lyndholm
323 912 362 947 et
391 908 644 961 Myrethorp,
695 910 730 947 in
760 897 948 961 parocbia
979 911 1188 962 Vggadiise
1221 913 1320 958 sita,
1360 912 1599 950 monasterio
1628 910 1862 950 Esromensi
1891 924 1962 963 pro
1992 910 2023 950 C
2051 912 2198 950 marcis
2226 925 2284 950 ar-

67 979 174 1029 genti
207 979 454 1032 oppignorat.
485 1001 534 1007 —
566 979 710 1030 vigilia
744 981 958 1019 nativitatis
987 980 1113 1019 beatae
1143 982 1305 1031 virginis
1333 981 1481 1020 Mariae.

461 1049 566 1081 Suhm
595 1049 685 1082 nist.
711 1049 748 1081 as
771 1050 917 1082 Danmk.
943 1052 1040 1082 xlll.
1066 1050 1236 1082 781-86.
1287 1051 1370 1082 Cod.
1397 1051 1532 1083 Esrom.
1558 1051 1618 1084 fol.
1644 1048 1864 1084 Lxxxlxb.

330 1109 487 1159 [2199]
547 1110 770 1151 Tucnoxrs
801 1112 983 1151 Rumam
1015 1112 1236 1151 sacerdotis
1265 1112 1404 1159 literae,
1448 1112 1592 1165 quibus
1622 1114 1891 1164 recognoscit,
1936 1112 2040 1165 quod
2070 1112 2171 1152 bona
2201 1127 2281 1152 mo-
2311 1114 2361 1146 18-
2396 1115 2530 1147 Octobr.

69 1179 280 1219 naehorum
318 1180 368 1220 de
403 1180 586 1233 Loghum
632 1183 697 1220 “in
733 1181 994 1233 Baegelhuus,
1038 1181 1299 1228 Otthersnab,
1342 1181 1470 1221 Enbffl
1506 1197 1533 1235 y
1568 1183 1786 1229 Rindseet,
1825 1184 1938 1235 juxta
1978 1181 2126 1222 Inwath
2159 1185 2280 1230 sita’'‚

70 1250 147 1301 ipsi
185 1249 235 1288 ad
272 1249 361 1289 dies
399 1252 488 1290 vitae
519 1264 539 1289 3
571 1251 721 1290 Thoma
759 1251 901 1291 abbate
938 1256 978 1291 et
1006 1256 1201 1291 conventu
1237 1252 1273 1289 in
1304 1251 1487 1303 Loghum
1527 1266 1720 1304 generose
1751 1266 1966 1300 concessa,
2010 1257 2103 1305 post
2132 1252 2282 1292 obitum

70 1319 200 1372 ipsius
237 1321 304 1359 “in
340 1322 606 1374 possessione
643 1321 835 1360 dictorum
874 1322 1152 1361 monachorum
1190 1321 1238 1360 de
1267 1321 1451 1374 Lfigbum
1489 1336 1577 1361 cum
1615 1322 1809 1362 reditibus
1847 1322 1968 1361 libere
2013 1322 2183 1362 debeant
2225 1337 2283 1363 re-

70 1391 269 1430 manere''.
299 1413 349 1419 —
378 1391 456 1431 Die
485 1390 593 1430 beati
622 1391 742 1431 Lucae
773 1392 1038 1443 evangelistae.

460 1462 650 1503 Langebek
677 1461 815 1505 Scriptt.
842 1462 938 1495 V111.
963 1462 1042 1495 245.

333 1522 488 1572 [2200]
545 1524 634 1563 Den
672 1524 895 1576 slesvigske
933 1523 1085 1576 Hertug
1120 1525 1380 1564 manemus
1418 1523 1661 1570 Pantebrev,
1705 1523 1880 1562 hvorved
1923 1523 1998 1562 han
2043 1524 2102 1562 sor
2145 1524 2280 1563 42000

70 1591 182 1632 Mark
210 1592 335 1644 liidigt
364 1593 460 1633 Solv
488 1598 719 1646 pantsaetter
748 1594 790 1632 til
820 1593 868 1632 de
897 1593 1128 1632 holstenske
1159 1594 1306 1633 Grever
1333 1594 1483 1633 Hem-ik
1519 1609 1569 1646 og
1598 1593 1718 1633 Claus
1749 1593 1894 1632 Slottet
1934 1594 2152 1645 Dor-ringer:
2191 1595 2283 1633 med

69 1661 342 1702 Hadersleben
371 1663 458 1716 Bye
489 1678 539 1716 og
568 1664 764 1716 Fogderie
795 1663 959 1713 (Lehn),
991 1664 1134 1702 Slottet
1164 1664 1331 1717 Gottorp
1361 1664 1451 1703 med
1479 1662 1793 1703 waisch-wald
1823 1677 1873 1715 og
1896 1664 2096 1703 Staederne
2121 1664 2281 1703 8811185-

69 1734 168 1784 wig,
207 1732 477 1774 Eckernffirde
508 1748 558 1786 og
585 1734 805 1786 Flensborg
837 1733 927 1772 med
962 1733 1050 1772 hele
1079 1733 1310 1785 Fogderiet3
1353 1737 1457 1772 saint
1494 1734 1696 1785 forpligter
1725 1734 1788 1785 sig
1825 1734 1869 1772 til
1905 1738 1945 1772 at
1975 1734 2155 1773 overlade
2186 1734 2280 1772 Gre-

71 1816 188 1843 verne
217 1803 365 1843 Slottet
393 1803 660 1843 Schwabsted
691 1804 804 1844 indtil
834 1803 1003 1856 Gottorp
1032 1803 1154 1842 bliver
1183 1803 1330 1842 indlo'st
1359 1803 1403 1842 af
1427 1803 1628 1856 Hel-tugen
1658 1817 1709 1841 m.
1740 1816 1790 1841 m.
2098 1803 2281 1856 (Tydsk).

463 1874 697 1918 Westphalen
721 1877 872 1907 Monum.
897 1873 986 1906 ined.
1011 1874 1072 1906 IV.
1097 1872 1198 1905 3183.
1223 1884 1276 1905 no.
1305 1873 1358 1906 17.

1025 1974 1146 2021 Post
1180 1973 1323 2022 1340.
2306 1974 2404 2015 Post
2426 1977 2541 2016 1:340.

333 2071 491 2121 [2201]
551 2072 782 2113 Comsnmm
830 2072 1200 2112 THARBATENSHJM
1243 2070 1293 2109 ad
1335 2070 1523 2109 consules
1566 2069 1826 2109 Lubecenses
1869 2069 2012 2117 literae,
2056 2071 2093 2108 in
2137 2069 2281 2123 quibus

73 2142 122 2182 (18
152 2143 307 2196 injuriis
337 2147 570 2196 queruntur,
601 2157 702 2196 quas
732 2142 937 2182 conradus
966 2141 1113 2187 Preen,
1156 2140 1290 2186 miles,
1334 2140 1528 2192 quondam
1566 2142 1795 2192 capitaneus
1825 2140 2085 2187 Revalensis,
2128 2140 2282 2179 civibus

72 2211 376 2260 Lubecensibus
405 2217 446 2252 et
475 2213 815 2252 Tharhatensibus
845 2213 1063 2257 intulisset,
1093 2210 1331 2262 Nogardiam
1362 2209 1711 2258 contendentibus3
1755 2213 1894 2261 rogant
1928 2209 2083 2255 deinde,
2113 2214 2156 2248 ut
2185 2223 2282 2249 suas

72 2287 208 2336 partes
238 2283 449 2322 defendere
478 2283 613 2329 velint,
644 2284 677 2322 si
708 2286 867 2321 “coram
898 2282 1054 2320 domino
1084 2295 1183 2333 reqe
1211 2280 1356 2319 Daciae
1384 2279 1445 2318 vel
1474 2278 1593 2318 alibi”
1622 2278 1743 2332 hujus
1759 2293 1888 2318 causae
1911 2280 2058 2318 mentio
2084 2279 2204 2318 [ieret.
2231 2302 2280 2308 —

73 2353 281 2407 (Dorpat)
312 2357 451 2393 octava
481 2354 661 2406 corporis
693 2352 853 2392 Christi.

468 2424 645 2457 Sartorius
672 2423 798 2456 Gesch.
825 2423 855 2454 d.
882 2423 998 2454 Hanse
1024 2420 1074 2453 ed.
1101 2420 1272 2462 Lappenb.
1297 2418 1340 2451 ΙΙ.
1365 2428 1421 2451 no.
1447 2418 1623 2451 CXLVII.
1649 2429 1679 2462 p.
1705 2418 1877 2451 362—64.

1107 2519 1251 2569 1341.
2352 2531 2470 2571 1341.

336 2620 493 2669 [2202]
551 2620 826 2660 WAnnnmm
856 2619 1057 2658 Danorum
1088 2617 1372 2668 Slavorumque
1401 2616 1507 2666 regis
1537 2615 1669 2661 literae,
1700 2613 1844 2667 quibus
1862 2614 2026 2660 Scaniae,
2054 2614 2283 2667 Blekingiae,
2309 2614 2342 2646 3-
2374 2616 2517 2648 Januar.

75 2691 232 2731 Listriae
261 2694 301 2730 et
330 2691 468 2729 insulae
498 2690 683 2729 Hvethen
713 2694 942 2743 perpetuam
972 2688 1272 2740 possessionem
1301 2685 1469 2736 Magno,
1500 2685 1650 2724 Sveciae
1680 2688 1719 2722 et
1742 2683 1946 2735 Norvegize
1976 2685 2072 2736 regi,
2103 2685 2285 2724 concedit

75 2766 116 2801 et
143 2761 365 2807 confirmat,
395 2760 707 2813 approbantibus
736 2760 870 2799 multis
898 2755 1128 2811 proceribus
1153 2755 1309 2801 Daniae,
1352 2755 1482 2793 cleriei
1512 2758 1551 2793 et
1580 2754 1771 2792 secularis
1802 2754 1963 2793 ordinis.
2002 2775 2050 2782 —
2095 2754 2284 2807 Helsinq-

77 2830 199 2884 borq,
229 2831 268 2870 in
298 2833 436 2870 octava
465 2829 502 2869 h.
533 2830 730 2869 Johannis
760 2828 1022 2880 evangelistae.

82 2896 86 2900 '
470 2900 632 2943 nadorph
657 2900 811 2933 svenske
834 2896 1098 2938 Rimkrunikor,
1124 2894 1189 2926 Bil.
1216 2894 1275 2926 foi.
1305 2893 1449 2925 18—23.

339 2961 495 3009 [2203]
553 2961 672 3013 Kong
701 2962 960 3000 VAanmns
997 2957 1122 3003 Bmv,
1165 2955 1338 3011 hijorved
1373 2954 1449 2992 han
1486 2953 1654 2992 sorlader
1685 2953 1721 2992 al
1759 2954 1834 2994 den
1869 2953 2022 3002 Vrede,
2065 2954 2197 2994 lldske
2234 2970 2284 3008 og
2306 2958 2339 2991 6.
2377 2961 2519 2993 Januar.

77 3030 312 3079 Uvenskab,
343 3044 430 3070 som
462 3031 538 3070 han
568 3031 682 3070 hidtil
711 3030 781 3069 har
808 3028 902 3067 havt
932 3027 989 3065 sor
1019 3039 1143 3077 nogen
1175 3025 1256 3076 Sag
1285 3024 1326 3062 til
1357 3037 1482 3075 nogen
1511 3023 1669 3070 Dansk,
1697 3023 1810 3063 Laerd
1841 3024 1935 3063 eller
1962 3024 2078 3076 Laeg,
2116 3039 2191 3077 paa
2221 3027 2283 3064 sin

76 3101 227 3142 Faders
261 3100 380 3153 Kong
415 3100 692 3148 Christoffers,
736 3101 822 3138 sine
858 3096 1053 3141 Brfidres,
1099 3096 1184 3133 sine
1225 3108 1322 3145 egne
1361 3093 1454 3132 eller
1489 3092 1816 3132 hvilkesomh'eist
1854 3093 1997 3133 andres
2033 3094 2193 3146 Vegne,
2235 3110 2285 3148 og

78 3171 264 3225 skjenker
299 3171 373 3210 3118
415 3171 561 3223 Rigets
596 3170 840 3222 lndbyggere
874 3165 977 3206 Fred
1015 3178 1064 3217 og
1100 3162 1375 3202 Stadsaestelse
1413 3176 1488 3215 paa
1531 3161 1647 3202 deres
1681 3161 1922 3215 Privilegier.
1966 3185 2017 3191 -
2059 3163 2283 3212 Roslcilde,

7 3269 13 3276 1
77 3240 196 3293 hellig
226 3244 283 3280 tre
311 3239 495 3293 Kongets
523 3240 624 3292 Dag.
1947 3233 2279 3284 (Oversaettelse).

471 3309 640 3343 nvitfemt
662 3312 781 3343 naum.
806 3307 912 3350 Riges
938 3306 1045 3340 xron.
1071 3315 1101 3348 p.
1128 3304 1206 3336 477.
1268 3280 1385 3345 Ogsaa'
1408 3302 1472 3335 hos
1498 3301 1626 3344 subm,
1662 3301 1754 3335 nist.
1787 3303 1827 3335 af
1847 3303 1996 3335 nanmk.
2021 3303 2118 3335 xm.
2145 3304 2200 3337 23.
