2649 3686
370 116 506 167 XVI
1233 120 1559 167 Praefatio.

304 268 421 323 parte
467 261 651 306 nonnihil
697 266 901 305 mutatum
946 257 1015 314 iri,
1066 270 1148 299 non
1184 254 1365 298 alienum
1400 253 1479 298 erit
1526 253 1651 315 paulo
1687 252 1916 297 distinctius
1950 252 2157 312 indicare,
2210 254 2310 315 quid
2351 254 2520 301 omnino

310 350 350 395 iu
383 350 516 410 'hujus
559 349 778 395 voluminis
821 345 992 392 materia
1028 342 1207 387 finienda
1244 340 1557 403 ordinandaque
1593 341 1713 402 sequi
1749 347 1792 385 et
1826 341 2052 386 observare
2087 344 2351 403 propositum
2386 343 2524 390 suerit.

567 438 794 485 Consilium
831 434 996 479 omnino
1034 432 1137 475 suit.
1187 437 1233 474 ut
1263 430 1350 488 jam
1387 429 1595 489 diximus,
1649 430 1771 490 plene
1805 443 2060 489 recensere,
2114 445 2372 492 quaecunque
2407 430 2524 478 libris

304 528 410 589 typis
455 526 668 587 exscriptis
709 524 1017 568 continerentur
1053 519 1304 580 diplomata,
1356 519 1529 578 litterae,
1583 526 1698 578 acta,
1750 517 1917 578 publica
1951 519 2218 580 privataque,
2273 519 2524 582 domestica,

305 623 499 674 externa,
546 629 637 676 quae
672 612 816 657 Daniae
852 609 1063 653 historiam
1100 615 1142 653 et
1175 623 1243 652 res
1279 608 1496 652 Danorum
1533 608 1808 668 hominesque
1842 609 1985 653 Dauos
2021 608 2290 668 attingerent.
2360 610 2408 653 In
2442 625 2525 671 quo

305 712 446 749 tamen
480 702 705 748 tenendum
743 706 820 756 est,
858 698 890 741 si
927 697 996 758 qui
1031 696 1220 741 homines
1248 697 1357 741 Dani
1394 697 1569 758 patriam
1604 697 1691 742 aliis
1729 698 1851 742 terris
1887 698 1945 742 sic
1979 698 2270 759 permutarint,
2305 704 2354 742 ut
2379 704 2524 758 postea

306 794 403 839 nihil
430 793 498 837 ¹rei
533 807 625 836 cum
660 788 793 833 Dania
828 785 1054 846 haberent,
1100 786 1152 831 ab
1188 786 1254 831 illo
1290 793 1508 848 tempore,
1547 802 1629 847 quo
1666 786 1745 831 hoc
1781 787 1935 831 sactum
1971 787 2046 847 sit,
2083 803 2158 848 pro
2195 786 2325 832 Danis
2363 787 2525 834 habitos

304 898 388 927 non
433 897 557 940 esse,
611 879 722 922 velut
757 875 1027 935 lugiburgam
1062 876 1321 937 principem,
1376 893 1505 937 quum
1542 876 1685 922 Galliae
1721 877 1865 936 regina
1900 877 2038 937 sacta,
2091 877 2322 936 Carolum,
2377 878 2525 923 Canuti

235 991 240 994 ⁴
306 971 444 1016 Sancti
480 970 638 1027 filium,
672 981 806 1026 quum
842 963 1049 1008 Flandriae
1085 964 1166 1009 dux
1203 973 1400 1025 creatus,
1445 965 1753 1027 Valdemarus,
1799 967 2016 1028 episcopus
2054 967 2355 1026 Slesvicensis,
2393 983 2523 1028 quum

305 1059 634 1119 archiepiscopus
668 1053 906 1099 Bremensis
945 1054 1104 1099 electus
1142 1055 1208 1099 sit.

563 1144 768 1198 Quoniam
811 1144 1073 1204 propositum
1120 1151 1212 1189 erat
1254 1145 1438 1190 subsidia
1480 1145 1745 1207 diplomatica
1788 1146 1894 1208 typis
1936 1147 2101 1208 vulgata
2136 1147 2320 1192 historiae
2353 1147 2524 1194 Danicae

305 1236 393 1295 ejus
428 1233 642 1295 temporis,
680 1233 730 1277 ad
767 1232 880 1293 quod
917 1233 996 1278 hoc
1031 1235 1226 1279 volumen
1253 1235 1479 1294 singulaeve
1508 1236 1598 1295 ejus
1626 1243 1765 1299 partes
1795 1237 2069 1297 pertinerent,
2106 1238 2230 1298 plene
2259 1253 2523 1299 enumerare,

302 1324 570 1386 sequebatur,
606 1330 653 1367 ut
687 1322 734 1367 iis
772 1322 941 1381 finibus,
980 1324 1050 1384 qui
1078 1340 1248 1386 quoque
1276 1332 1467 1386 tempore
1496 1326 1672 1370 fuissent
1697 1326 1857 1387 imperii
1886 1325 2050 1386 Danici,
2088 1327 2262 1372 materia
2289 1334 2524 1388 regeretur.

298 1414 353 1458 Hi
395 1413 522 1473 igitur
563 1412 666 1457 fines
714 1428 796 1457 non
839 1413 974 1457 solum
1019 1413 1216 1458 ducatum
1252 1415 1554 1460 Slesvicensem
1591 1416 1975 1477 comprehendunt,
2031 1417 2125 1479 qui,
2173 1432 2224 1462 ex
2261 1433 2344 1478 quo
2378 1418 2525 1463 Daniae

300 1518 428 1547 unum
461 1517 639 1561 regnum
677 1501 888 1546 conditum
926 1509 1011 1562 est,
1056 1502 1146 1562 ejus
1185 1519 1278 1564 pars
1315 1512 1386 1550 aut
1421 1505 1639 1566 provinciae
1675 1513 1746 1551 aut
1780 1506 1893 1551 seudi
1930 1507 2021 1552 loco
2057 1507 2157 1567 suit,
2202 1507 2277 1552 sed
2313 1508 2439 1552 etiam
2474 1507 2525 1553 ad

300 1607 335 1637 a.
380 1591 504 1638 1658
541 1591 755 1652 Scaniam,
809 1591 1096 1652 Hallandiam,
1139 1594 1420 1655 Blekingiam,
1467 1596 1642 1640 insulam
1680 1605 1820 1642 autem
1858 1596 2040 1641 Gulland
2074 1596 2126 1642 ad
2162 1612 2199 1642 a.
2240 1594 2390 1658 1645,
2436 1604 2527 1643 tum

299 1699 394 1728 vero
440 1682 545 1726 intra
587 1688 700 1726 certa
742 1687 978 1742 temporum
1016 1682 1146 1743 spatia
1175 1683 1549 1744 Nordalhingiam,
1603 1686 1927 1744 pomeraniam,
1980 1687 2227 1747 Livoniam,
2278 1687 2526 1733 Esthoniam

299 1772 481 1833 aliasque
527 1778 683 1830 terraS,
738 1786 831 1831 quae
877 1771 1129 1832 aliquamdiu
1174 1780 1246 1818 aut
1289 1790 1501 1819 armorum
1538 1775 1635 1834 jure
1672 1782 1742 1821 aut
1778 1776 1857 1821 alio
1894 1776 2064 1821 nomine
2099 1776 2273 1837 imperio
2307 1778 2526 1829 Danorum

298 1866 542 1922 paruerunt,
580 1860 613 1904 si
649 1859 819 1921 quidem
855 1860 977 1920 hujus
1015 1861 1314 1920 conjunctionis
1351 1864 1523 1924 vestigia
1559 1865 1599 1909 in
1635 1865 1871 1927 diplomatis
1912 1866 1964 1911 ad
1990 1866 2092 1911 illud
2118 1867 2318 1928 temporis
2347 1866 2528 1928 spatium

301 1948 605 2012 pertinentibus
649 1957 887 2010 supersunt.
964 1951 1033 1996 Ad
1066 1954 1316 2012 Norvegiam
1355 1953 1468 2016 quod
1503 1955 1674 2016 attinet,
1718 1963 1767 2000 ut
1801 1955 2031 2001 absurdum
2067 1963 2180 2002 esset
2214 1956 2439 2018 diplomata
2474 1955 2526 2001 ad

300 2040 379 2084 hoc
421 2055 598 2099 regnum
642 2040 914 2100 pertinentia,
969 2057 1060 2101 quae
1104 2057 1211 2086 anno
1253 2042 1376 2089 1397
1421 2046 1654 2107 antiquiora
1698 2053 1818 2105 sunt,
1871 2046 1911 2090 in
1945 2053 2114 2106 regesta
2146 2047 2305 2092 Danica
2340 2047 2524 2106 referre,

301 2129 358 2173 ita
392 2127 442 2173 ab
479 2129 547 2173 illo
584 2144 715 2188 anno,
754 2145 837 2190 quo
872 2137 1099 2192 utrumque
1136 2148 1311 2191 regnum
1353 2134 1404 2179 ab
1440 2151 1525 2180 uno
1560 2136 1652 2195 regi
1688 2143 1883 2197 coeptum
1920 2143 2006 2196 est,
2043 2135 2266 2197 diplomata
2293 2136 2526 2197 Norvegica

303 2217 506 2277 ejusmodi
541 2233 778 2263 necessario
814 2220 853 2263 in
889 2221 968 2264 hoc
1005 2237 1109 2281 opus
1146 2223 1383 2283 recipienda
1412 2225 1596 2284 suerunt,
1636 2242 1729 2286 quae
1766 2232 1838 2271 aut
1865 2225 1916 2270 ad
1943 2226 2073 2286 ipsam
2100 2226 2247 2270 Daniae
2272 2227 2523 2287 Norvegiae-

300 2322 381 2368 que
429 2306 763 2366 conjunctionem
806 2311 1063 2370 pertinerent
1099 2319 1141 2356 et
1177 2313 1227 2357 ad
1264 2330 1331 2358 res
1367 2314 1534 2375 utrique
1568 2331 1698 2376 regno
1737 2331 1978 2360 communes
2011 2322 2082 2360 aut
2113 2315 2164 2360 ab
2200 2314 2248 2359 iis
2286 2314 2523 2362 hominibus

304 2396 397 2441 data
427 2404 567 2441 essent
598 2396 701 2442 deve
731 2399 777 2443 iis
806 2407 994 2459 agerent,
1031 2401 1099 2462 qui
1127 2409 1198 2447 aut
1225 2412 1397 2465 propter
1423 2420 1556 2464 genus
1587 2413 1629 2450 et
1656 2406 1861 2466 originem
1887 2412 1958 2450 aut
1984 2411 2157 2466 propter
2175 2406 2523 2451 consociationem

304 2501 397 2530 cum
431 2487 565 2530 Dania
607 2488 864 2550 regibusque
899 2491 1029 2535 Dahis
1066 2491 1142 2551 ipsi
1175 2494 1284 2538 Dani
1320 2495 1498 2540 habendi
1535 2504 1691 2543 essent.
1767 2498 1918 2557 Neque
1954 2496 2087 2540 minus
2123 2493 2299 2539 eandem
2334 2511 2523 2540 normam

305 2577 572 2635 sequentibus
607 2578 857 2638 recipiendae
894 2581 1061 2624 suerunt
1096 2581 1244 2627 litterae
1280 2584 1457 2644 publicae
1494 2602 1515 2631 a
1550 2587 1720 2647 regibus
1747 2586 1878 2631 Danis
1915 2585 2036 2644 datae,
2075 2585 2235 2629 etiamsi
2264 2600 2334 2629 eas
2360 2592 2522 2630 tantum

304 2665 518 2723 Norragiae
559 2672 676 2726 regni
721 2669 887 2714 nominc
934 2669 1049 2715 datas
1087 2686 1179 2716 esse
1217 2675 1461 2733 apparebat.
1547 2676 1709 2721 Eadem
1745 2676 1927 2736 denique
1962 2674 2067 2719 ratio
2103 2681 2193 2718 erat
2228 2675 2460 2720 litterarum
2497 2691 2518 2720 a

306 2752 473 2810 regibus
502 2755 645 2814 Danis,
684 2758 769 2817 qui,
805 2760 944 2818 regnis
972 2759 1217 2821 conjunctis,
1257 2764 1412 2809 Sveciae
1448 2765 1721 2827 imperarunt,
1758 2765 1799 2809 in
1835 2764 1981 2809 Svecia
2017 2763 2221 2808 editarum
2258 2771 2329 2809 aut
2363 2765 2414 2809 ad
2450 2780 2521 2810 eos

309 2840 612 2898 pertinentium.
680 2846 830 2907 quue
867 2849 996 2908 magis
1033 2849 1073 2894 id
1109 2851 1197 2894 fieri
1235 2851 1433 2914 debehat,
1472 2855 1584 2916 quod
1620 2856 1684 2900 hae
1719 2855 1868 2899 litterae
1897 2852 2105 2913 pertinent
2134 2852 2183 2896 ad
2213 2853 2524 2911 declarandum,

310 2927 459 2987 quibus
506 2930 604 2975 locis
646 2949 767 2994 reges
804 2953 971 2998 quoque
1008 2947 1198 3000 tempore
1235 2945 1478 2989 commorati
1516 2945 1611 2990 sint.
1682 2945 1729 2989 In
1765 2941 2266 3004 diplomatisxlitterisque
2301 2943 2523 2989 Holsaticis

312 3015 361 3060 ab
399 3031 434 3060 a.
476 3015 598 3063 1459
635 3022 803 3084 eadem,
843 3027 980 3087 quoad
1016 3029 1105 3073 ficri
1135 3032 1292 3091 potuit,
1329 3034 1476 3093 regula
1513 3040 1675 3078 servata
1711 3040 1796 3090 est,
1834 3046 1926 3093 quae
1963 3029 2001 3074 in
2039 3031 2296 3090 Norvegicis.

572 3108 688 3153 Ordo
733 3112 960 3161 litterarum
1004 3117 1361 3183 diplomatumquo
1410 3123 1467 3167 sic
1511 3121 1563 3167 ad
1608 3130 1842 3182 temporum
1879 3119 2029 3163 seriem
2065 3121 2402 3166 accommodatus
2439 3129 2516 3181 est,

312 3200 357 3237 ut
392 3209 559 3256 quoque
595 3213 699 3244 anno
737 3216 796 3245 eze
832 3204 992 3265 litterae,
1031 3224 1123 3268 qum
1153 3210 1247 3269 diei,
1286 3227 1369 3272 quo
1396 3211 1502 3256 data¹
1530 3212 1624 3270 sint,
1663 3219 1800 3255 notam
1829 3207 1999 3267 habent,
2038 3210 2244 3254 mensium
2271 3210 2516 3271 dierumque
