<?xml version="1.0" encoding="UTF-8"?>
<!DOCTYPE html PUBLIC "-//W3C//DTD XHTML 1.0 Transitional//EN"
    "http://www.w3.org/TR/xhtml1/DTD/xhtml1-transitional.dtd">
<html xmlns="http://www.w3.org/1999/xhtml" xml:lang="en" lang="en">
 <head>
  <title>
</title>
<meta http-equiv="Content-Type" content="text/html;charset=utf-8" />
  <meta name='ocr-system' content='tesseract 3.04.00' />
  <meta name='ocr-capabilities' content='ocr_page ocr_carea ocr_par ocr_line ocrx_word'/>
</head>
<body>
  <div class='ocr_page' id='page_1' title='image "./regestadiplomati01dansuoft_0185.png"; bbox 0 0 2649 3686; ppageno 0'>
   <div class='ocr_carea' id='block_1_1' title="bbox 872 146 2286 210">
    <p class='ocr_par' dir='ltr' id='par_1_1' title="bbox 872 146 2286 210">
     <span class='ocr_line' id='line_1_1' title="bbox 872 146 2286 210; baseline 0.01 -15"><span class='ocrx_word' id='word_1_1' title='bbox 872 146 1027 197; x_wconf 71' lang='lat' dir='ltr'><strong>Koxe</strong></span> <span class='ocrx_word' id='word_1_2' title='bbox 1061 148 1192 197; x_wconf 71' lang='lat' dir='ltr'><strong>Eun&lt;</strong></span> <span class='ocrx_word' id='word_1_3' title='bbox 1225 148 1463 199; x_wconf 71' lang='lat' dir='ltr'><strong>MEvan.</strong></span> <span class='ocrx_word' id='word_1_4' title='bbox 2191 160 2286 210; x_wconf 87' lang='lat'><strong>1⁷5</strong></span> 
     </span>
    </p>
   </div>
   <div class='ocr_carea' id='block_1_2' title="bbox 66 231 2284 255">
    <p class='ocr_par' dir='ltr' id='par_1_2' title="bbox 66 231 2284 255">
     <span class='ocr_line' id='line_1_2' title="bbox 66 231 2284 255; baseline 0 3431"><span class='ocrx_word' id='word_1_5' title='bbox 66 231 2284 255; x_wconf 95' lang='lat' dir='ltr'><strong> </strong></span> 
     </span>
    </p>
   </div>
   <div class='ocr_carea' id='block_1_3' title="bbox 64 314 2517 723">
    <p class='ocr_par' dir='ltr' id='par_1_3' title="bbox 64 314 2504 583">
     <span class='ocr_line' id='line_1_3' title="bbox 329 314 2472 380; baseline 0.01 -27"><span class='ocrx_word' id='word_1_6' title='bbox 329 314 476 366; x_wconf 58' lang='lat'>[1420]</span> <span class='ocrx_word' id='word_1_7' title='bbox 534 315 677 356; x_wconf 79' lang='lat' dir='ltr'><strong>Literae</strong></span> <span class='ocrx_word' id='word_1_8' title='bbox 706 316 884 359; x_wconf 61' lang='lat' dir='ltr'><strong>lxmam</strong></span> <span class='ocrx_word' id='word_1_9' title='bbox 914 323 1092 375; x_wconf 77' lang='lat' dir='ltr'><strong>episcopi</strong></span> <span class='ocrx_word' id='word_1_10' title='bbox 1122 322 1443 370; x_wconf 85' lang='lat' dir='ltr'><strong>Roschildensis,</strong></span> <span class='ocrx_word' id='word_1_11' title='bbox 1473 322 1622 376; x_wconf 87' lang='lat' dir='ltr'><strong>quibus</strong></span> <span class='ocrx_word' id='word_1_12' title='bbox 1647 325 1719 377; x_wconf 83' lang='lat' dir='ltr'><strong>jus</strong></span> <span class='ocrx_word' id='word_1_13' title='bbox 1749 326 1934 373; x_wconf 79' lang='lat' dir='ltr'><strong>civitatis,</strong></span> <span class='ocrx_word' id='word_1_14' title='bbox 1965 328 2070 380; x_wconf 86' lang='lat' dir='ltr'><strong>quod</strong></span> <span class='ocrx_word' id='word_1_15' title='bbox 2093 329 2285 372; x_wconf 85' lang='lat' dir='ltr'><strong>hactenus</strong></span> <span class='ocrx_word' id='word_1_16' title='bbox 2358 334 2472 375; x_wconf 63' lang='lat'><strong>1259.</strong></span> 
     </span>
     <span class='ocr_line' id='line_1_4' title="bbox 67 385 2504 446; baseline 0.009 -23"><span class='ocrx_word' id='word_1_17' title='bbox 67 385 255 425; x_wconf 85' lang='lat' dir='ltr'><strong>consules</strong></span> <span class='ocrx_word' id='word_1_18' title='bbox 291 389 331 424; x_wconf 91' lang='lat' dir='ltr'><strong>et</strong></span> <span class='ocrx_word' id='word_1_19' title='bbox 369 386 478 424; x_wconf 86' lang='lat' dir='ltr'><strong>cives</strong></span> <span class='ocrx_word' id='word_1_20' title='bbox 515 385 757 428; x_wconf 89' lang='lat' dir='ltr'><strong>Hafnienses</strong></span> <span class='ocrx_word' id='word_1_21' title='bbox 795 389 912 430; x_wconf 88' lang='lat' dir='ltr'><strong>modo</strong></span> <span class='ocrx_word' id='word_1_22' title='bbox 948 406 1019 444; x_wconf 89' lang='lat' dir='ltr'><strong>pro</strong></span> <span class='ocrx_word' id='word_1_23' title='bbox 1059 396 1169 445; x_wconf 85' lang='lat' dir='ltr'><strong>parte</strong></span> <span class='ocrx_word' id='word_1_24' title='bbox 1212 397 1460 446; x_wconf 81' lang='lat' dir='ltr'><strong>receperunt,</strong></span> <span class='ocrx_word' id='word_1_25' title='bbox 1513 394 1751 446; x_wconf 76' lang='lat' dir='ltr'><strong>integraliter</strong></span> <span class='ocrx_word' id='word_1_26' title='bbox 1790 395 1931 436; x_wconf 88' lang='lat' dir='ltr'><strong>iisdem</strong></span> <span class='ocrx_word' id='word_1_27' title='bbox 1970 398 2203 439; x_wconf 85' lang='lat' dir='ltr'><strong>consulibus</strong></span> <span class='ocrx_word' id='word_1_28' title='bbox 2247 407 2285 442; x_wconf 90' lang='lat' dir='ltr'><strong>et</strong></span> <span class='ocrx_word' id='word_1_29' title='bbox 2308 401 2350 442; x_wconf 65' lang='lat'><strong>2.</strong></span> <span class='ocrx_word' id='word_1_30' title='bbox 2377 405 2504 445; x_wconf 71' lang='lat' dir='ltr'><strong>septbr.</strong></span> 
     </span>
     <span class='ocr_line' id='line_1_5' title="bbox 64 454 2284 518; baseline 0.007 -23"><span class='ocrx_word' id='word_1_31' title='bbox 64 454 241 502; x_wconf 89' lang='lat' dir='ltr'><strong>civibus,</strong></span> <span class='ocrx_word' id='word_1_32' title='bbox 270 468 401 508; x_wconf 87' lang='lat' dir='ltr'><strong>usque</strong></span> <span class='ocrx_word' id='word_1_33' title='bbox 430 455 480 495; x_wconf 90' lang='lat' dir='ltr'><strong>ad</strong></span> <span class='ocrx_word' id='word_1_34' title='bbox 510 460 886 499; x_wconf 76' lang='lat' dir='ltr'><strong>consummationem</strong></span> <span class='ocrx_word' id='word_1_35' title='bbox 917 462 1081 514; x_wconf 71' lang='lat' dir='ltr'><strong>inceptae</strong></span> <span class='ocrx_word' id='word_1_36' title='bbox 1117 463 1347 503; x_wconf 87' lang='lat' dir='ltr'><strong>munitionis</strong></span> <span class='ocrx_word' id='word_1_37' title='bbox 1385 462 1516 510; x_wconf 90' lang='lat' dir='ltr'><strong>urbis,</strong></span> <span class='ocrx_word' id='word_1_38' title='bbox 1558 464 1751 504; x_wconf 86' lang='lat' dir='ltr'><strong>concedit.</strong></span> <span class='ocrx_word' id='word_1_39' title='bbox 1794 488 1847 494; x_wconf 93' lang='lat'><strong>—</strong></span> <span class='ocrx_word' id='word_1_40' title='bbox 1891 467 2149 518; x_wconf 75' lang='lat' dir='ltr'><strong>Roschildis,</strong></span> <span class='ocrx_word' id='word_1_41' title='bbox 2190 471 2284 511; x_wconf 88' lang='lat' dir='ltr'><strong>feria</strong></span> 
     </span>
     <span class='ocr_line' id='line_1_6' title="bbox 65 525 1800 583; baseline 0.007 -18"><span class='ocrx_word' id='word_1_42' title='bbox 65 528 178 566; x_wconf 84' lang='lat' dir='ltr'><strong>sexta</strong></span> <span class='ocrx_word' id='word_1_43' title='bbox 207 525 386 579; x_wconf 84' lang='lat' dir='ltr'><strong>proxima</strong></span> <span class='ocrx_word' id='word_1_44' title='bbox 415 530 506 566; x_wconf 89' lang='lat' dir='ltr'><strong>ante</strong></span> <span class='ocrx_word' id='word_1_45' title='bbox 537 526 628 566; x_wconf 86' lang='lat' dir='ltr'><strong>fest.</strong></span> <span class='ocrx_word' id='word_1_46' title='bbox 659 530 807 568; x_wconf 81' lang='lat' dir='ltr'><strong>nativit.</strong></span> <span class='ocrx_word' id='word_1_47' title='bbox 837 531 998 582; x_wconf 81' lang='lat' dir='ltr'><strong>virginis</strong></span> <span class='ocrx_word' id='word_1_48' title='bbox 1028 533 1124 583; x_wconf 73' lang='lat' dir='ltr'><strong>glor.</strong></span> <span class='ocrx_word' id='word_1_49' title='bbox 1794 531 1800 538; x_wconf 72' lang='grc'><strong><em>’</em></strong></span> 
     </span>
    </p>

    <p class='ocr_par' dir='ltr' id='par_1_4' title="bbox 324 597 2517 723">
     <span class='ocr_line' id='line_1_7' title="bbox 458 597 1200 645; baseline 0.011 -17"><span class='ocrx_word' id='word_1_50' title='bbox 458 597 694 640; x_wconf 77' lang='lat' dir='ltr'><strong>Pontoppidan</strong></span> <span class='ocrx_word' id='word_1_51' title='bbox 720 599 841 642; x_wconf 83' lang='lat' dir='ltr'><strong>Origg.</strong></span> <span class='ocrx_word' id='word_1_52' title='bbox 868 602 969 634; x_wconf 77' lang='lat' dir='ltr'><strong>Hafn.</strong></span> <span class='ocrx_word' id='word_1_53' title='bbox 995 613 1026 645; x_wconf 88' lang='lat' dir='ltr'><strong>p.</strong></span> <span class='ocrx_word' id='word_1_54' title='bbox 1051 603 1200 636; x_wconf 68' lang='grc' dir='ltr'><strong>(ΒΟ-61.</strong></span> 
     </span>
     <span class='ocr_line' id='line_1_8' title="bbox 324 658 2517 723; baseline 0.008 -26"><span class='ocrx_word' id='word_1_55' title='bbox 324 659 482 708; x_wconf 73' lang='grc'><strong>[1421.]</strong></span> <span class='ocrx_word' id='word_1_56' title='bbox 540 658 661 698; x_wconf 75' lang='lat' dir='ltr'><strong>Emer</strong></span> <span class='ocrx_word' id='word_1_57' title='bbox 703 662 809 713; x_wconf 79' lang='lat' dir='ltr'><strong>regis</strong></span> <span class='ocrx_word' id='word_1_58' title='bbox 860 662 997 709; x_wconf 78' lang='lat' dir='ltr'><strong>literae,</strong></span> <span class='ocrx_word' id='word_1_59' title='bbox 1041 664 1189 717; x_wconf 85' lang='lat' dir='ltr'><strong>quibus</strong></span> <span class='ocrx_word' id='word_1_60' title='bbox 1231 665 1496 705; x_wconf 86' lang='lat' dir='ltr'><strong>molendinum</strong></span> <span class='ocrx_word' id='word_1_61' title='bbox 1537 665 1573 704; x_wconf 91' lang='lat' dir='ltr'><strong>in</strong></span> <span class='ocrx_word' id='word_1_62' title='bbox 1612 666 1780 719; x_wconf 86' lang='lat' dir='ltr'><strong>Altborp</strong></span> <span class='ocrx_word' id='word_1_63' title='bbox 1815 680 1962 707; x_wconf 84' lang='lat' dir='ltr'><strong>mensae</strong></span> <span class='ocrx_word' id='word_1_64' title='bbox 2006 671 2282 712; x_wconf 87' lang='lat' dir='ltr'><strong>canonicorum</strong></span> <span class='ocrx_word' id='word_1_65' title='bbox 2306 677 2360 710; x_wconf 80' lang='grc'><strong>30.</strong></span> <span class='ocrx_word' id='word_1_66' title='bbox 2388 682 2517 723; x_wconf 74' lang='lat' dir='ltr'><strong>septbr.</strong></span> 
     </span>
    </p>
   </div>
   <div class='ocr_carea' id='block_1_4' title="bbox 22 729 2281 795">
    <p class='ocr_par' dir='ltr' id='par_1_5' title="bbox 22 729 2281 795">
     <span class='ocr_line' id='line_1_9' title="bbox 22 729 2281 795; baseline 0.005 -25"><span class='ocrx_word' id='word_1_67' title='bbox 22 747 34 754; x_wconf 90' lang='lat'>·</span> <span class='ocrx_word' id='word_1_68' title='bbox 61 729 339 770; x_wconf 88' lang='lat' dir='ltr'><strong>Arusiensium</strong></span> <span class='ocrx_word' id='word_1_69' title='bbox 369 742 570 768; x_wconf 86' lang='lat' dir='ltr'><strong>consensu</strong></span> <span class='ocrx_word' id='word_1_70' title='bbox 599 731 735 770; x_wconf 81' lang='lat' dir='ltr'><strong>matris</strong></span> <span class='ocrx_word' id='word_1_71' title='bbox 765 746 849 770; x_wconf 79' lang='lat' dir='ltr'><strong>suae</strong></span> <span class='ocrx_word' id='word_1_72' title='bbox 879 737 916 772; x_wconf 92' lang='lat' dir='ltr'><strong>et</strong></span> <span class='ocrx_word' id='word_1_73' title='bbox 941 733 1103 773; x_wconf 89' lang='lat' dir='ltr'><strong>aliorum</strong></span> <span class='ocrx_word' id='word_1_74' title='bbox 1135 736 1445 776; x_wconf 84' lang='lat' dir='ltr'><strong>consiliariorum</strong></span> <span class='ocrx_word' id='word_1_75' title='bbox 1475 735 1624 776; x_wconf 86' lang='lat' dir='ltr'><strong>confert</strong></span> <span class='ocrx_word' id='word_1_76' title='bbox 1656 742 1694 776; x_wconf 86' lang='lat' dir='ltr'><strong>et</strong></span> <span class='ocrx_word' id='word_1_77' title='bbox 1723 741 1865 778; x_wconf 87' lang='lat' dir='ltr'><strong>scotat.</strong></span> <span class='ocrx_word' id='word_1_78' title='bbox 1888 761 1941 767; x_wconf 93' lang='lat'>—</span> <span class='ocrx_word' id='word_1_79' title='bbox 1974 738 2281 795; x_wconf 71' lang='lat' dir='ltr'><strong>Wortinyborq,</strong></span> 
     </span>
    </p>
   </div>
   <div class='ocr_carea' id='block_1_5' title="bbox 58 799 2507 1064">
    <p class='ocr_par' dir='ltr' id='par_1_6' title="bbox 58 799 2507 1064">
     <span class='ocr_line' id='line_1_10' title="bbox 61 799 935 853; baseline 0.002 -13"><span class='ocrx_word' id='word_1_80' title='bbox 61 802 96 840; x_wconf 92' lang='lat' dir='ltr'><strong>in</strong></span> <span class='ocrx_word' id='word_1_81' title='bbox 126 801 297 840; x_wconf 88' lang='lat' dir='ltr'><strong>crastino</strong></span> <span class='ocrx_word' id='word_1_82' title='bbox 328 799 432 839; x_wconf 90' lang='lat' dir='ltr'><strong>beati</strong></span> <span class='ocrx_word' id='word_1_83' title='bbox 462 799 671 839; x_wconf 72' lang='lat' dir='ltr'><strong>Michaelis</strong></span> <span class='ocrx_word' id='word_1_84' title='bbox 699 801 935 853; x_wconf 76' lang='lat' dir='ltr'><strong>archangeli.</strong></span> 
     </span>
     <span class='ocr_line' id='line_1_11' title="bbox 455 870 1199 914; baseline 0.007 -11"><span class='ocrx_word' id='word_1_85' title='bbox 455 870 643 911; x_wconf 83' lang='lat' dir='ltr'><strong>Langebek</strong></span> <span class='ocrx_word' id='word_1_86' title='bbox 672 871 809 914; x_wconf 73' lang='lat' dir='ltr'><strong>Scriptt.</strong></span> <span class='ocrx_word' id='word_1_87' title='bbox 835 873 898 904; x_wconf 77' lang='lat' dir='ltr'><strong>vl.</strong></span> <span class='ocrx_word' id='word_1_88' title='bbox 923 872 1094 907; x_wconf 78' lang='lat'><strong>396-97.</strong></span> <span class='ocrx_word' id='word_1_89' title='bbox 1121 875 1199 908; x_wconf 69' lang='lat'><strong>451.</strong></span> 
     </span>
     <span class='ocr_line' id='line_1_12' title="bbox 322 931 2507 990; baseline 0.006 -19"><span class='ocrx_word' id='word_1_90' title='bbox 322 931 480 981; x_wconf 63' lang='lat'>[1422]</span> <span class='ocrx_word' id='word_1_91' title='bbox 539 931 734 971; x_wconf 64' lang='lat' dir='ltr'><strong>&#39;ramma-1</strong></span> <span class='ocrx_word' id='word_1_92' title='bbox 765 935 962 986; x_wconf 73' lang='lat' dir='ltr'><strong>praepositi</strong></span> <span class='ocrx_word' id='word_1_93' title='bbox 992 935 1222 976; x_wconf 81' lang='lat' dir='ltr'><strong>Lundensis</strong></span> <span class='ocrx_word' id='word_1_94' title='bbox 1251 940 1548 984; x_wconf 86' lang='lat' dir='ltr'><strong>testamentum,</strong></span> <span class='ocrx_word' id='word_1_95' title='bbox 1588 951 1666 990; x_wconf 89' lang='lat' dir='ltr'><strong>quo</strong></span> <span class='ocrx_word' id='word_1_96' title='bbox 1703 939 1991 990; x_wconf 88' lang='lat' dir='ltr'><strong>possessiones</strong></span> <span class='ocrx_word' id='word_1_97' title='bbox 2030 955 2128 982; x_wconf 87' lang='lat' dir='ltr'><strong>suas</strong></span> <span class='ocrx_word' id='word_1_98' title='bbox 2167 943 2277 983; x_wconf 88' lang='lat' dir='ltr'><strong>altari</strong></span> <span class='ocrx_word' id='word_1_99' title='bbox 2302 945 2356 978; x_wconf 81' lang='grc'><strong>25-</strong></span> <span class='ocrx_word' id='word_1_100' title='bbox 2382 948 2507 980; x_wconf 72' lang='lat' dir='ltr'><strong>Novbr.</strong></span> 
     </span>
     <span class='ocr_line' id='line_1_13' title="bbox 58 1001 2277 1064; baseline 0.004 -20"><span class='ocrx_word' id='word_1_101' title='bbox 58 1003 106 1044; x_wconf 88' lang='lat' dir='ltr'><strong>ab</strong></span> <span class='ocrx_word' id='word_1_102' title='bbox 135 1017 182 1043; x_wconf 88' lang='lat' dir='ltr'><strong>eo</strong></span> <span class='ocrx_word' id='word_1_103' title='bbox 212 1004 249 1042; x_wconf 92' lang='lat' dir='ltr'><strong>in</strong></span> <span class='ocrx_word' id='word_1_104' title='bbox 280 1002 450 1042; x_wconf 90' lang='lat' dir='ltr'><strong>ecclesia</strong></span> <span class='ocrx_word' id='word_1_105' title='bbox 480 1001 517 1041; x_wconf 94' lang='lat' dir='ltr'><strong>b.</strong></span> <span class='ocrx_word' id='word_1_106' title='bbox 548 1002 747 1042; x_wconf 85' lang='lat' dir='ltr'><strong>Laurentii</strong></span> <span class='ocrx_word' id='word_1_107' title='bbox 778 1002 981 1044; x_wconf 86' lang='lat' dir='ltr'><strong>Lundensi</strong></span> <span class='ocrx_word' id='word_1_108' title='bbox 1010 1011 1237 1046; x_wconf 87' lang='lat' dir='ltr'><strong>constructo</strong></span> <span class='ocrx_word' id='word_1_109' title='bbox 1277 1011 1315 1047; x_wconf 90' lang='lat' dir='ltr'><strong>et</strong></span> <span class='ocrx_word' id='word_1_110' title='bbox 1353 1007 1551 1047; x_wconf 80' lang='lat' dir='ltr'><strong>nonnullis</strong></span> <span class='ocrx_word' id='word_1_111' title='bbox 1582 1008 1768 1048; x_wconf 85' lang='lat' dir='ltr'><strong>claustris</strong></span> <span class='ocrx_word' id='word_1_112' title='bbox 1799 1013 1838 1048; x_wconf 89' lang='lat' dir='ltr'><strong>et</strong></span> <span class='ocrx_word' id='word_1_113' title='bbox 1867 1010 2052 1050; x_wconf 88' lang='lat' dir='ltr'><strong>ecclesiis</strong></span> <span class='ocrx_word' id='word_1_114' title='bbox 2081 1012 2196 1064; x_wconf 85' lang='lat' dir='ltr'><strong>legat.</strong></span> <span class='ocrx_word' id='word_1_115' title='bbox 2229 1035 2277 1041; x_wconf 94' lang='lat'><strong>—</strong></span> 
     </span>
    </p>
   </div>
   <div class='ocr_carea' id='block_1_6' title="bbox 49 1072 1560 1191">
    <p class='ocr_par' dir='ltr' id='par_1_7' title="bbox 49 1072 1560 1191">
     <span class='ocr_line' id='line_1_14' title="bbox 49 1072 978 1131; baseline -0.001 -16"><span class='ocrx_word' id='word_1_116' title='bbox 49 1074 244 1131; x_wconf 41' lang='lat' dir='ltr'><strong>,Laudi-s,</strong></span> <span class='ocrx_word' id='word_1_117' title='bbox 275 1073 312 1112; x_wconf 88' lang='lat' dir='ltr'><strong>in</strong></span> <span class='ocrx_word' id='word_1_118' title='bbox 343 1073 448 1113; x_wconf 87' lang='lat' dir='ltr'><strong>festo</strong></span> <span class='ocrx_word' id='word_1_119' title='bbox 479 1072 523 1111; x_wconf 87' lang='lat' dir='ltr'><strong>S.</strong></span> <span class='ocrx_word' id='word_1_120' title='bbox 554 1072 772 1112; x_wconf 71' lang='lat' dir='ltr'><strong>catharinae</strong></span> <span class='ocrx_word' id='word_1_121' title='bbox 801 1075 978 1126; x_wconf 79' lang='lat' dir='ltr'><strong>virginis.</strong></span> 
     </span>
     <span class='ocr_line' id='line_1_15' title="bbox 454 1142 1560 1191; baseline 0.005 -15"><span class='ocrx_word' id='word_1_122' title='bbox 454 1142 632 1184; x_wconf 82' lang='lat' dir='ltr'><strong>Liljegren</strong></span> <span class='ocrx_word' id='word_1_123' title='bbox 658 1143 882 1186; x_wconf 75' lang='lat' dir='ltr'><strong>Diplomatar.</strong></span> <span class='ocrx_word' id='word_1_124' title='bbox 907 1147 1050 1178; x_wconf 84' lang='lat' dir='ltr'><strong>Svccan.</strong></span> <span class='ocrx_word' id='word_1_125' title='bbox 1077 1147 1120 1179; x_wconf 85' lang='lat'><strong>11.</strong></span> <span class='ocrx_word' id='word_1_126' title='bbox 1146 1156 1200 1179; x_wconf 89' lang='lat' dir='ltr'><strong>no.</strong></span> <span class='ocrx_word' id='word_1_127' title='bbox 1229 1146 1328 1180; x_wconf 92' lang='lat'>1005.</span> <span class='ocrx_word' id='word_1_128' title='bbox 1353 1158 1386 1191; x_wconf 87' lang='lat' dir='ltr'><strong>p.</strong></span> <span class='ocrx_word' id='word_1_129' title='bbox 1411 1148 1560 1181; x_wconf 82' lang='lat'><strong>83—85.</strong></span> 
     </span>
    </p>
   </div>
   <div class='ocr_carea' id='block_1_7' title="bbox 319 1204 2507 1267">
    <p class='ocr_par' dir='ltr' id='par_1_8' title="bbox 319 1204 2507 1267">
     <span class='ocr_line' id='line_1_16' title="bbox 319 1204 2507 1267; baseline 0.005 -24"><span class='ocrx_word' id='word_1_130' title='bbox 319 1204 476 1254; x_wconf 57' lang='lat'><strong>[1423]</strong></span> <span class='ocrx_word' id='word_1_131' title='bbox 534 1205 728 1256; x_wconf 57' lang='lat' dir='ltr'><strong>Euneos)</strong></span> <span class='ocrx_word' id='word_1_132' title='bbox 765 1220 832 1245; x_wconf 84' lang='lat' dir='ltr'><strong>rex</strong></span> <span class='ocrx_word' id='word_1_133' title='bbox 870 1209 1148 1247; x_wconf 84' lang='lat' dir='ltr'><strong>monasterium</strong></span> <span class='ocrx_word' id='word_1_134' title='bbox 1178 1208 1422 1249; x_wconf 88' lang='lat' dir='ltr'><strong>Esromense</strong></span> <span class='ocrx_word' id='word_1_135' title='bbox 1451 1209 1527 1249; x_wconf 87' lang='lat' dir='ltr'><strong>sub</strong></span> <span class='ocrx_word' id='word_1_136' title='bbox 1559 1223 1632 1250; x_wconf 91' lang='lat' dir='ltr'><strong>sua</strong></span> <span class='ocrx_word' id='word_1_137' title='bbox 1662 1212 1830 1265; x_wconf 87' lang='lat' dir='ltr'><strong>suscipit</strong></span> <span class='ocrx_word' id='word_1_138' title='bbox 1858 1213 2105 1266; x_wconf 89' lang='lat' dir='ltr'><strong>protectione</strong></span> <span class='ocrx_word' id='word_1_139' title='bbox 2134 1217 2172 1253; x_wconf 90' lang='lat' dir='ltr'><strong>et</strong></span> <span class='ocrx_word' id='word_1_140' title='bbox 2199 1215 2274 1267; x_wconf 88' lang='lat' dir='ltr'><strong>pri.</strong></span> <span class='ocrx_word' id='word_1_141' title='bbox 2309 1219 2364 1252; x_wconf 87' lang='lat'><strong>31.</strong></span> <span class='ocrx_word' id='word_1_142' title='bbox 2392 1221 2507 1254; x_wconf 81' lang='lat' dir='ltr'><strong>Dechr.</strong></span> 
     </span>
    </p>
   </div>
   <div class='ocr_carea' id='block_1_8' title="bbox 57 1275 1704 1389">
    <p class='ocr_par' dir='ltr' id='par_1_9' title="bbox 57 1275 1704 1389">
     <span class='ocr_line' id='line_1_17' title="bbox 57 1275 1704 1330; baseline 0.003 -15"><span class='ocrx_word' id='word_1_143' title='bbox 57 1275 196 1329; x_wconf 84' lang='lat' dir='ltr'><strong>vilegia</strong></span> <span class='ocrx_word' id='word_1_144' title='bbox 225 1276 316 1329; x_wconf 87' lang='lat' dir='ltr'><strong>ejus</strong></span> <span class='ocrx_word' id='word_1_145' title='bbox 346 1276 560 1316; x_wconf 86' lang='lat' dir='ltr'><strong>confirmat.</strong></span> <span class='ocrx_word' id='word_1_146' title='bbox 590 1297 641 1303; x_wconf 84' lang='lat'><strong>—-</strong></span> <span class='ocrx_word' id='word_1_147' title='bbox 674 1275 903 1328; x_wconf 67' lang='lat' dir='ltr'><strong>Sioburqlt,</strong></span> <span class='ocrx_word' id='word_1_148' title='bbox 934 1278 969 1316; x_wconf 91' lang='lat' dir='ltr'><strong>in</strong></span> <span class='ocrx_word' id='word_1_149' title='bbox 1000 1277 1176 1330; x_wconf 87' lang='lat' dir='ltr'><strong>profesto</strong></span> <span class='ocrx_word' id='word_1_150' title='bbox 1206 1280 1514 1320; x_wconf 86' lang='lat' dir='ltr'><strong>circumcisionis</strong></span> <span class='ocrx_word' id='word_1_151' title='bbox 1545 1280 1704 1320; x_wconf 91' lang='lat' dir='ltr'><strong>domini.</strong></span> 
     </span>
     <span class='ocr_line' id='line_1_18' title="bbox 450 1346 1510 1389; baseline 0.002 -9"><span class='ocrx_word' id='word_1_152' title='bbox 450 1346 639 1388; x_wconf 76' lang='lat' dir='ltr'><strong>Langebek</strong></span> <span class='ocrx_word' id='word_1_153' title='bbox 663 1346 802 1389; x_wconf 84' lang='lat' dir='ltr'><strong>Scriptt.</strong></span> <span class='ocrx_word' id='word_1_154' title='bbox 828 1348 890 1379; x_wconf 89' lang='lat' dir='ltr'><strong>IX.</strong></span> <span class='ocrx_word' id='word_1_155' title='bbox 985 1371 993 1379; x_wconf 91' lang='lat'><strong>.</strong></span> <span class='ocrx_word' id='word_1_156' title='bbox 1042 1348 1125 1381; x_wconf 91' lang='lat' dir='ltr'><strong>Cod.</strong></span> <span class='ocrx_word' id='word_1_157' title='bbox 1151 1349 1286 1382; x_wconf 86' lang='lat' dir='ltr'><strong>Esrom.</strong></span> <span class='ocrx_word' id='word_1_158' title='bbox 1312 1349 1372 1382; x_wconf 84' lang='lat' dir='ltr'><strong>fol.</strong></span> <span class='ocrx_word' id='word_1_159' title='bbox 1398 1351 1510 1383; x_wconf 86' lang='lat' dir='ltr'><strong>LV11.</strong></span> 
     </span>
    </p>
   </div>
   <div class='ocr_carea' id='block_1_9' title="bbox 53 1407 2501 1674">
    <p class='ocr_par' dir='ltr' id='par_1_10' title="bbox 53 1407 2501 1674">
     <span class='ocr_line' id='line_1_19' title="bbox 316 1407 2501 1457; baseline 0.004 -10"><span class='ocrx_word' id='word_1_160' title='bbox 316 1408 474 1457; x_wconf 58' lang='lat'>[1424]</span> <span class='ocrx_word' id='word_1_161' title='bbox 530 1407 690 1448; x_wconf 73' lang='lat' dir='ltr'><strong>Eamus</strong></span> <span class='ocrx_word' id='word_1_162' title='bbox 733 1422 802 1447; x_wconf 89' lang='lat' dir='ltr'><strong>rex</strong></span> <span class='ocrx_word' id='word_1_163' title='bbox 846 1408 1026 1448; x_wconf 82' lang='lat' dir='ltr'><strong>abbatem</strong></span> <span class='ocrx_word' id='word_1_164' title='bbox 1070 1413 1108 1449; x_wconf 90' lang='lat' dir='ltr'><strong>et</strong></span> <span class='ocrx_word' id='word_1_165' title='bbox 1149 1410 1365 1450; x_wconf 87' lang='lat' dir='ltr'><strong>monachos</strong></span> <span class='ocrx_word' id='word_1_166' title='bbox 1410 1411 1458 1451; x_wconf 90' lang='lat' dir='ltr'><strong>de</strong></span> <span class='ocrx_word' id='word_1_167' title='bbox 1499 1411 1643 1453; x_wconf 86' lang='lat' dir='ltr'><strong>Esrom</strong></span> <span class='ocrx_word' id='word_1_168' title='bbox 1686 1427 1764 1453; x_wconf 90' lang='lat' dir='ltr'><strong>una</strong></span> <span class='ocrx_word' id='word_1_169' title='bbox 1807 1427 1895 1453; x_wconf 90' lang='lat' dir='ltr'><strong>cum</strong></span> <span class='ocrx_word' id='word_1_170' title='bbox 1934 1414 2114 1455; x_wconf 88' lang='lat' dir='ltr'><strong>omnibus</strong></span> <span class='ocrx_word' id='word_1_171' title='bbox 2152 1414 2269 1455; x_wconf 89' lang='lat' dir='ltr'><strong>bonis</strong></span> <span class='ocrx_word' id='word_1_172' title='bbox 2301 1417 2355 1450; x_wconf 89' lang='lat'><strong>31·</strong></span> <span class='ocrx_word' id='word_1_173' title='bbox 2381 1419 2501 1452; x_wconf 58' lang='lat' dir='ltr'><strong>Decbr⁵</strong></span> 
     </span>
     <span class='ocr_line' id='line_1_20' title="bbox 56 1476 2270 1534; baseline 0.002 -13"><span class='ocrx_word' id='word_1_174' title='bbox 56 1476 191 1522; x_wconf 86' lang='lat' dir='ltr'><strong>eorum</strong></span> <span class='ocrx_word' id='word_1_175' title='bbox 220 1483 259 1520; x_wconf 88' lang='lat' dir='ltr'><strong>et</strong></span> <span class='ocrx_word' id='word_1_176' title='bbox 289 1479 433 1519; x_wconf 88' lang='lat' dir='ltr'><strong>familia</strong></span> <span class='ocrx_word' id='word_1_177' title='bbox 472 1478 612 1517; x_wconf 88' lang='lat' dir='ltr'><strong>iisdem</strong></span> <span class='ocrx_word' id='word_1_178' title='bbox 642 1479 829 1518; x_wconf 81' lang='lat' dir='ltr'><strong>attinente</strong></span> <span class='ocrx_word' id='word_1_179' title='bbox 859 1478 934 1518; x_wconf 90' lang='lat' dir='ltr'><strong>sub</strong></span> <span class='ocrx_word' id='word_1_180' title='bbox 965 1493 1075 1521; x_wconf 88' lang='lat' dir='ltr'><strong>suam</strong></span> <span class='ocrx_word' id='word_1_181' title='bbox 1101 1481 1383 1533; x_wconf 85' lang='lat' dir='ltr'><strong>protectionem</strong></span> <span class='ocrx_word' id='word_1_182' title='bbox 1413 1483 1603 1534; x_wconf 82' lang='lat' dir='ltr'><strong>suscipit,</strong></span> <span class='ocrx_word' id='word_1_183' title='bbox 1634 1484 1761 1523; x_wconf 89' lang='lat' dir='ltr'><strong>omnia</strong></span> <span class='ocrx_word' id='word_1_184' title='bbox 1789 1484 1892 1523; x_wconf 90' lang='lat' dir='ltr'><strong>bona</strong></span> <span class='ocrx_word' id='word_1_185' title='bbox 1923 1499 2057 1524; x_wconf 89' lang='lat' dir='ltr'><strong>eorum</strong></span> <span class='ocrx_word' id='word_1_186' title='bbox 2087 1485 2136 1525; x_wconf 90' lang='lat' dir='ltr'><strong>ab</strong></span> <span class='ocrx_word' id='word_1_187' title='bbox 2167 1487 2270 1525; x_wconf 83' lang='lat' dir='ltr'><strong>omni</strong></span> 
     </span>
     <span class='ocr_line' id='line_1_21' title="bbox 55 1548 2270 1606; baseline 0.001 -14"><span class='ocrx_word' id='word_1_188' title='bbox 55 1551 318 1606; x_wconf 85' lang='lat' dir='ltr'><strong>expeditionis</strong></span> <span class='ocrx_word' id='word_1_189' title='bbox 349 1549 593 1601; x_wconf 74' lang='lat' dir='ltr'><strong>gravamine,</strong></span> <span class='ocrx_word' id='word_1_190' title='bbox 636 1548 879 1601; x_wconf 86' lang='lat' dir='ltr'><strong>impetitione</strong></span> <span class='ocrx_word' id='word_1_191' title='bbox 909 1551 1124 1596; x_wconf 80' lang='lat' dir='ltr'><strong>exactoria,</strong></span> <span class='ocrx_word' id='word_1_192' title='bbox 1163 1549 1289 1597; x_wconf 87' lang='lat' dir='ltr'><strong>lnnae,</strong></span> <span class='ocrx_word' id='word_1_193' title='bbox 1333 1551 1453 1590; x_wconf 85' lang='lat' dir='ltr'><strong>Stuth</strong></span> <span class='ocrx_word' id='word_1_194' title='bbox 1490 1554 1712 1605; x_wconf 88' lang='lat' dir='ltr'><strong>ceterisque</strong></span> <span class='ocrx_word' id='word_1_195' title='bbox 1755 1554 2040 1601; x_wconf 87' lang='lat' dir='ltr'><strong>solutionibus,</strong></span> <span class='ocrx_word' id='word_1_196' title='bbox 2085 1556 2270 1596; x_wconf 89' lang='lat' dir='ltr'><strong>oneribus</strong></span> 
     </span>
     <span class='ocr_line' id='line_1_22' title="bbox 53 1618 2270 1674; baseline 0.002 -11"><span class='ocrx_word' id='word_1_197' title='bbox 53 1627 92 1663; x_wconf 88' lang='lat' dir='ltr'><strong>et</strong></span> <span class='ocrx_word' id='word_1_198' title='bbox 119 1623 293 1662; x_wconf 87' lang='lat' dir='ltr'><strong>servitiis</strong></span> <span class='ocrx_word' id='word_1_199' title='bbox 316 1621 397 1674; x_wconf 89' lang='lat' dir='ltr'><strong>juri</strong></span> <span class='ocrx_word' id='word_1_200' title='bbox 427 1621 534 1671; x_wconf 83' lang='lat' dir='ltr'><strong>regio</strong></span> <span class='ocrx_word' id='word_1_201' title='bbox 566 1618 822 1658; x_wconf 83' lang='lat' dir='ltr'><strong>attinentibus</strong></span> <span class='ocrx_word' id='word_1_202' title='bbox 853 1619 1007 1665; x_wconf 87' lang='lat' dir='ltr'><strong>liberat,</strong></span> <span class='ocrx_word' id='word_1_203' title='bbox 1051 1621 1188 1672; x_wconf 85' lang='lat' dir='ltr'><strong>eisque</strong></span> <span class='ocrx_word' id='word_1_204' title='bbox 1209 1621 1279 1673; x_wconf 86' lang='lat' dir='ltr'><strong>jus</strong></span> <span class='ocrx_word' id='word_1_205' title='bbox 1310 1621 1580 1665; x_wconf 87' lang='lat' dir='ltr'><strong>emendarum,</strong></span> <span class='ocrx_word' id='word_1_206' title='bbox 1623 1624 1740 1662; x_wconf 87' lang='lat' dir='ltr'><strong>etiam</strong></span> <span class='ocrx_word' id='word_1_207' title='bbox 1778 1623 1854 1663; x_wconf 84' lang='lat' dir='ltr'><strong>XL</strong></span> <span class='ocrx_word' id='word_1_208' title='bbox 1892 1638 2129 1672; x_wconf 85' lang='lat' dir='ltr'><strong>marcarum,</strong></span> <span class='ocrx_word' id='word_1_209' title='bbox 2171 1626 2270 1668; x_wconf 88' lang='lat' dir='ltr'><strong>alias</strong></span> 
     </span>
    </p>
   </div>
   <div class='ocr_carea' id='block_1_10' title="bbox 50 1689 2267 2007">
    <p class='ocr_par' dir='ltr' id='par_1_11' title="bbox 50 1689 2267 2007">
     <span class='ocr_line' id='line_1_23' title="bbox 53 1689 2187 1745; baseline 0.001 -12"><span class='ocrx_word' id='word_1_210' title='bbox 53 1694 134 1745; x_wconf 82' lang='lat' dir='ltr'><strong>regi</strong></span> <span class='ocrx_word' id='word_1_211' title='bbox 163 1706 186 1733; x_wconf 88' lang='lat' dir='ltr'><strong>a</strong></span> <span class='ocrx_word' id='word_1_212' title='bbox 215 1692 368 1732; x_wconf 89' lang='lat' dir='ltr'><strong>colonis</strong></span> <span class='ocrx_word' id='word_1_213' title='bbox 398 1704 533 1731; x_wconf 90' lang='lat' dir='ltr'><strong>eorum</strong></span> <span class='ocrx_word' id='word_1_214' title='bbox 562 1689 860 1736; x_wconf 84' lang='lat' dir='ltr'><strong>solvendarum,</strong></span> <span class='ocrx_word' id='word_1_215' title='bbox 891 1690 1051 1729; x_wconf 86' lang='lat' dir='ltr'><strong>confert.</strong></span> <span class='ocrx_word' id='word_1_216' title='bbox 1080 1713 1134 1718; x_wconf 93' lang='grc'><strong>--</strong></span> <span class='ocrx_word' id='word_1_217' title='bbox 1165 1689 1390 1743; x_wconf 72' lang='lat' dir='ltr'><strong>Sioburqloe,</strong></span> <span class='ocrx_word' id='word_1_218' title='bbox 1421 1693 1457 1729; x_wconf 91' lang='lat' dir='ltr'><strong>in</strong></span> <span class='ocrx_word' id='word_1_219' title='bbox 1484 1691 1661 1744; x_wconf 88' lang='lat' dir='ltr'><strong>profesto</strong></span> <span class='ocrx_word' id='word_1_220' title='bbox 1692 1694 1999 1734; x_wconf 87' lang='lat' dir='ltr'><strong>circumcisionis</strong></span> <span class='ocrx_word' id='word_1_221' title='bbox 2030 1695 2187 1736; x_wconf 89' lang='lat' dir='ltr'><strong>domini.</strong></span> 
     </span>
     <span class='ocr_line' id='line_1_24' title="bbox 447 1759 1511 1803; baseline 0.001 -9"><span class='ocrx_word' id='word_1_222' title='bbox 447 1760 638 1803; x_wconf 82' lang='lat' dir='ltr'><strong>Langebek</strong></span> <span class='ocrx_word' id='word_1_223' title='bbox 662 1760 803 1803; x_wconf 88' lang='lat' dir='ltr'><strong>Scriptt.</strong></span> <span class='ocrx_word' id='word_1_224' title='bbox 827 1761 889 1793; x_wconf 91' lang='lat' dir='ltr'><strong>IX.</strong></span> <span class='ocrx_word' id='word_1_225' title='bbox 985 1784 993 1793; x_wconf 89' lang='lat'><strong>.</strong></span> <span class='ocrx_word' id='word_1_226' title='bbox 1042 1759 1125 1792; x_wconf 87' lang='lat' dir='ltr'><strong>Cod.</strong></span> <span class='ocrx_word' id='word_1_227' title='bbox 1149 1760 1285 1793; x_wconf 88' lang='lat' dir='ltr'><strong>Esrom.</strong></span> <span class='ocrx_word' id='word_1_228' title='bbox 1311 1761 1371 1794; x_wconf 84' lang='lat' dir='ltr'><strong>fol.</strong></span> <span class='ocrx_word' id='word_1_229' title='bbox 1397 1759 1511 1795; x_wconf 85' lang='lat' dir='ltr'><strong>Lvlb.</strong></span> 
     </span>
     <span class='ocr_line' id='line_1_25' title="bbox 302 1805 2267 1877; baseline 0.003 -14"><span class='ocrx_word' id='word_1_230' title='bbox 302 1805 470 1873; x_wconf 68' lang='lat'>[1425]</span> <span class='ocrx_word' id='word_1_231' title='bbox 530 1822 828 1862; x_wconf 89' lang='lat' dir='ltr'><strong>Communitatis</strong></span> <span class='ocrx_word' id='word_1_232' title='bbox 866 1825 905 1860; x_wconf 91' lang='lat' dir='ltr'><strong>et</strong></span> <span class='ocrx_word' id='word_1_233' title='bbox 941 1822 1146 1861; x_wconf 90' lang='lat' dir='ltr'><strong>consulum</strong></span> <span class='ocrx_word' id='word_1_234' title='bbox 1177 1822 1348 1861; x_wconf 83' lang='lat' dir='ltr'><strong>civitatis</strong></span> <span class='ocrx_word' id='word_1_235' title='bbox 1377 1822 1569 1876; x_wconf 87' lang='lat' dir='ltr'><strong>Ripensis</strong></span> <span class='ocrx_word' id='word_1_236' title='bbox 1611 1825 1814 1877; x_wconf 89' lang='lat' dir='ltr'><strong>totiusque</strong></span> <span class='ocrx_word' id='word_1_237' title='bbox 1850 1830 2071 1867; x_wconf 78' lang='lat' dir='ltr'><strong>conventus</strong></span> <span class='ocrx_word' id='word_1_238' title='bbox 2106 1827 2267 1868; x_wconf 85' lang='lat' dir='ltr'><strong>fratrum</strong></span> 
     </span>
     <span class='ocr_line' id='line_1_26' title="bbox 50 1891 2265 1952; baseline -0 -16"><span class='ocrx_word' id='word_1_239' title='bbox 50 1895 246 1936; x_wconf 88' lang='lat' dir='ltr'><strong>Minorum</strong></span> <span class='ocrx_word' id='word_1_240' title='bbox 263 1894 443 1949; x_wconf 90' lang='lat' dir='ltr'><strong>ejusdem</strong></span> <span class='ocrx_word' id='word_1_241' title='bbox 461 1893 633 1932; x_wconf 87' lang='lat' dir='ltr'><strong>civitatis</strong></span> <span class='ocrx_word' id='word_1_242' title='bbox 648 1896 961 1944; x_wconf 85' lang='lat' dir='ltr'><strong>transsumptum</strong></span> <span class='ocrx_word' id='word_1_243' title='bbox 977 1893 1171 1931; x_wconf 86' lang='lat' dir='ltr'><strong>literarum</strong></span> <span class='ocrx_word' id='word_1_244' title='bbox 1193 1905 1314 1945; x_wconf 89' lang='lat' dir='ltr'><strong>supra</strong></span> <span class='ocrx_word' id='word_1_245' title='bbox 1329 1891 1405 1932; x_wconf 91' lang='lat' dir='ltr'><strong>sub</strong></span> <span class='ocrx_word' id='word_1_246' title='bbox 1423 1907 1485 1932; x_wconf 90' lang='lat' dir='ltr'><strong>no.</strong></span> <span class='ocrx_word' id='word_1_247' title='bbox 1511 1892 1625 1933; x_wconf 80' lang='lat'><strong>1378.</strong></span> <span class='ocrx_word' id='word_1_248' title='bbox 1643 1898 1682 1934; x_wconf 93' lang='lat' dir='ltr'><strong>et</strong></span> <span class='ocrx_word' id='word_1_249' title='bbox 1702 1894 1817 1935; x_wconf 76' lang='lat'><strong>1400.</strong></span> <span class='ocrx_word' id='word_1_250' title='bbox 1834 1895 2048 1937; x_wconf 89' lang='lat' dir='ltr'><strong>allatarum.</strong></span> <span class='ocrx_word' id='word_1_251' title='bbox 2068 1920 2114 1927; x_wconf 91' lang='lat'>—</span> <span class='ocrx_word' id='word_1_252' title='bbox 2131 1899 2265 1952; x_wconf 71' lang='lat' dir='ltr'><strong>Ripe&#39;s.</strong></span> 
     </span>
     <span class='ocr_line' id='line_1_27' title="bbox 446 1961 1122 2007; baseline -0.004 -10"><span class='ocrx_word' id='word_1_253' title='bbox 446 1966 623 2007; x_wconf 81' lang='lat' dir='ltr'><strong>Terpager</strong></span> <span class='ocrx_word' id='word_1_254' title='bbox 647 1963 741 2006; x_wconf 83' lang='lat' dir='ltr'><strong>Ripae</strong></span> <span class='ocrx_word' id='word_1_255' title='bbox 766 1962 893 1997; x_wconf 89' lang='lat' dir='ltr'><strong>Cimbr.</strong></span> <span class='ocrx_word' id='word_1_256' title='bbox 918 1974 950 2006; x_wconf 87' lang='lat' dir='ltr'><strong>p.</strong></span> <span class='ocrx_word' id='word_1_257' title='bbox 974 1961 1122 1994; x_wconf 82' lang='lat'><strong>92—93.</strong></span> 
     </span>
    </p>
   </div>
   <div class='ocr_carea' id='block_1_11' title="bbox 1087 2091 2455 2153">
    <p class='ocr_par' dir='ltr' id='par_1_12' title="bbox 1087 2091 2455 2153">
     <span class='ocr_line' id='line_1_28' title="bbox 1087 2091 2455 2153; baseline 0.01 -14"><span class='ocrx_word' id='word_1_258' title='bbox 1087 2091 1230 2140; x_wconf 76' lang='lat'><strong>1290.</strong></span> <span class='ocrx_word' id='word_1_259' title='bbox 2339 2114 2455 2153; x_wconf 73' lang='lat'><strong>1290.</strong></span> 
     </span>
    </p>
   </div>
   <div class='ocr_carea' id='block_1_12' title="bbox 44 2189 2474 2457">
    <p class='ocr_par' dir='ltr' id='par_1_13' title="bbox 44 2189 2474 2457">
     <span class='ocr_line' id='line_1_29' title="bbox 308 2189 2474 2249; baseline 0 -15"><span class='ocrx_word' id='word_1_260' title='bbox 308 2195 466 2244; x_wconf 69' lang='lat'>[1426]</span> <span class='ocrx_word' id='word_1_261' title='bbox 524 2194 746 2233; x_wconf 69' lang='lat' dir='ltr'><strong>BsncAnm</strong></span> <span class='ocrx_word' id='word_1_262' title='bbox 777 2192 868 2243; x_wconf 86' lang='lat' dir='ltr'><strong>(leg.</strong></span> <span class='ocrx_word' id='word_1_263' title='bbox 906 2191 1147 2239; x_wconf 64' lang='lat' dir='ltr'><strong>Bam-Am)</strong></span> <span class='ocrx_word' id='word_1_264' title='bbox 1184 2189 1364 2242; x_wconf 86' lang='lat' dir='ltr'><strong>episcopi</strong></span> <span class='ocrx_word' id='word_1_265' title='bbox 1400 2190 1668 2230; x_wconf 82' lang='lat' dir='ltr'><strong>Slesvieensis</strong></span> <span class='ocrx_word' id='word_1_266' title='bbox 1707 2196 1746 2232; x_wconf 88' lang='lat' dir='ltr'><strong>et</strong></span> <span class='ocrx_word' id='word_1_267' title='bbox 1775 2192 2052 2233; x_wconf 66' lang='lat' dir='ltr'><strong>Curris-risum</strong></span> <span class='ocrx_word' id='word_1_268' title='bbox 2084 2196 2261 2249; x_wconf 87' lang='lat' dir='ltr'><strong>episcopi</strong></span> <span class='ocrx_word' id='word_1_269' title='bbox 2306 2197 2338 2229; x_wconf 80' lang='lat'><strong>2·</strong></span> <span class='ocrx_word' id='word_1_270' title='bbox 2364 2199 2474 2231; x_wconf 83' lang='lat' dir='ltr'><strong>Junii-</strong></span> 
     </span>
     <span class='ocr_line' id='line_1_30' title="bbox 46 2256 2260 2320; baseline -0 -14"><span class='ocrx_word' id='word_1_271' title='bbox 46 2266 239 2320; x_wconf 88' lang='lat' dir='ltr'><strong>Ripensis</strong></span> <span class='ocrx_word' id='word_1_272' title='bbox 267 2256 389 2305; x_wconf 86' lang='lat' dir='ltr'><strong>literae</strong></span> <span class='ocrx_word' id='word_1_273' title='bbox 419 2264 468 2304; x_wconf 88' lang='lat' dir='ltr'><strong>de</strong></span> <span class='ocrx_word' id='word_1_274' title='bbox 498 2263 693 2304; x_wconf 79' lang='lat' dir='ltr'><strong>sententIa</strong></span> <span class='ocrx_word' id='word_1_275' title='bbox 723 2261 909 2306; x_wconf 89' lang='lat' dir='ltr'><strong>arbitrali,</strong></span> <span class='ocrx_word' id='word_1_276' title='bbox 955 2273 1072 2313; x_wconf 90' lang='lat' dir='ltr'><strong>quam</strong></span> <span class='ocrx_word' id='word_1_277' title='bbox 1108 2261 1145 2298; x_wconf 90' lang='lat' dir='ltr'><strong>in</strong></span> <span class='ocrx_word' id='word_1_278' title='bbox 1185 2259 1252 2298; x_wconf 92' lang='lat' dir='ltr'><strong>lite</strong></span> <span class='ocrx_word' id='word_1_279' title='bbox 1289 2260 1388 2298; x_wconf 90' lang='lat' dir='ltr'><strong>inter</strong></span> <span class='ocrx_word' id='word_1_280' title='bbox 1426 2263 1708 2301; x_wconf 90' lang='lat' dir='ltr'><strong>monasterium</strong></span> <span class='ocrx_word' id='word_1_281' title='bbox 1744 2262 1843 2301; x_wconf 88' lang='lat' dir='ltr'><strong>Loci</strong></span> <span class='ocrx_word' id='word_1_282' title='bbox 1874 2263 1951 2303; x_wconf 86' lang='lat' dir='ltr'><strong>Dei</strong></span> <span class='ocrx_word' id='word_1_283' title='bbox 1987 2269 2025 2303; x_wconf 88' lang='lat' dir='ltr'><strong>et</strong></span> <span class='ocrx_word' id='word_1_284' title='bbox 2063 2264 2260 2305; x_wconf 89' lang='lat' dir='ltr'><strong>dominum</strong></span> 
     </span>
     <span class='ocr_line' id='line_1_31' title="bbox 44 2329 2257 2387; baseline -0.001 -10"><span class='ocrx_word' id='word_1_285' title='bbox 44 2336 265 2376; x_wconf 89' lang='lat' dir='ltr'><strong>Johannem</strong></span> <span class='ocrx_word' id='word_1_286' title='bbox 294 2335 412 2376; x_wconf 89' lang='lat' dir='ltr'><strong>Urnae</strong></span> <span class='ocrx_word' id='word_1_287' title='bbox 442 2349 563 2387; x_wconf 92' lang='lat' dir='ltr'><strong>super</strong></span> <span class='ocrx_word' id='word_1_288' title='bbox 592 2333 708 2372; x_wconf 88' lang='lat' dir='ltr'><strong>bonis</strong></span> <span class='ocrx_word' id='word_1_289' title='bbox 738 2335 775 2372; x_wconf 88' lang='lat' dir='ltr'><strong>in</strong></span> <span class='ocrx_word' id='word_1_290' title='bbox 806 2329 1148 2371; x_wconf 88' lang='lat' dir='ltr'><strong>Bolderslemarck</strong></span> <span class='ocrx_word' id='word_1_291' title='bbox 1177 2335 1215 2368; x_wconf 91' lang='lat' dir='ltr'><strong>et</strong></span> <span class='ocrx_word' id='word_1_292' title='bbox 1242 2329 1360 2369; x_wconf 88' lang='lat' dir='ltr'><strong>Urnae</strong></span> <span class='ocrx_word' id='word_1_293' title='bbox 1389 2329 1611 2377; x_wconf 83' lang='lat' dir='ltr'><strong>ediderunt,</strong></span> <span class='ocrx_word' id='word_1_294' title='bbox 1654 2332 1690 2370; x_wconf 90' lang='lat' dir='ltr'><strong>in</strong></span> <span class='ocrx_word' id='word_1_295' title='bbox 1721 2331 1865 2385; x_wconf 90' lang='lat' dir='ltr'><strong>quibus</strong></span> <span class='ocrx_word' id='word_1_296' title='bbox 1896 2333 2011 2373; x_wconf 89' lang='lat' dir='ltr'><strong>simul</strong></span> <span class='ocrx_word' id='word_1_297' title='bbox 2042 2338 2257 2382; x_wconf 88' lang='lat' dir='ltr'><strong>testantur,</strong></span> 
     </span>
     <span class='ocr_line' id='line_1_32' title="bbox 44 2399 2256 2457; baseline -0 -10"><span class='ocrx_word' id='word_1_298' title='bbox 44 2407 262 2448; x_wconf 85' lang='lat' dir='ltr'><strong>Johannem</strong></span> <span class='ocrx_word' id='word_1_299' title='bbox 291 2406 408 2447; x_wconf 88' lang='lat' dir='ltr'><strong>Urnae</strong></span> <span class='ocrx_word' id='word_1_300' title='bbox 436 2405 671 2445; x_wconf 89' lang='lat' dir='ltr'><strong>sententiam</strong></span> <span class='ocrx_word' id='word_1_301' title='bbox 694 2402 916 2457; x_wconf 82' lang='lat' dir='ltr'><strong>praedictam</strong></span> <span class='ocrx_word' id='word_1_302' title='bbox 940 2404 1184 2452; x_wconf 86' lang='lat' dir='ltr'><strong>acceptasse.</strong></span> <span class='ocrx_word' id='word_1_303' title='bbox 1216 2421 1264 2426; x_wconf 97' lang='lat'><strong>—</strong></span> <span class='ocrx_word' id='word_1_304' title='bbox 1293 2399 1368 2439; x_wconf 83' lang='lat' dir='ltr'><strong>Die</strong></span> <span class='ocrx_word' id='word_1_305' title='bbox 1391 2399 1559 2439; x_wconf 86' lang='lat' dir='ltr'><strong>Veneris</strong></span> <span class='ocrx_word' id='word_1_306' title='bbox 1588 2414 1699 2453; x_wconf 86' lang='lat' dir='ltr'><strong>prox.</strong></span> <span class='ocrx_word' id='word_1_307' title='bbox 1729 2405 1823 2455; x_wconf 90' lang='lat' dir='ltr'><strong>post</strong></span> <span class='ocrx_word' id='word_1_308' title='bbox 1852 2401 2032 2442; x_wconf 89' lang='lat' dir='ltr'><strong>dominic.</strong></span> <span class='ocrx_word' id='word_1_309' title='bbox 2056 2406 2256 2445; x_wconf 86' lang='lat' dir='ltr'><strong>trinitatis.</strong></span> 
     </span>
    </p>
   </div>
   <div class='ocr_carea' id='block_1_13' title="bbox 306 2470 2478 2587">
    <p class='ocr_par' dir='ltr' id='par_1_14' title="bbox 306 2470 2478 2587">
     <span class='ocr_line' id='line_1_33' title="bbox 437 2470 1115 2517; baseline -0.01 -9"><span class='ocrx_word' id='word_1_310' title='bbox 437 2475 627 2517; x_wconf 77' lang='lat' dir='ltr'><strong>Langebek</strong></span> <span class='ocrx_word' id='word_1_311' title='bbox 651 2473 792 2516; x_wconf 85' lang='lat' dir='ltr'><strong>Scriptt.</strong></span> <span class='ocrx_word' id='word_1_312' title='bbox 817 2470 920 2505; x_wconf 83' lang='lat' dir='ltr'><strong>vul.</strong></span> <span class='ocrx_word' id='word_1_313' title='bbox 949 2470 1115 2503; x_wconf 80' lang='lat'><strong>162—63.</strong></span> 
     </span>
     <span class='ocr_line' id='line_1_34' title="bbox 306 2529 2478 2587; baseline -0.002 -10"><span class='ocrx_word' id='word_1_314' title='bbox 306 2537 463 2587; x_wconf 65' lang='lat'><strong>[1427]</strong></span> <span class='ocrx_word' id='word_1_315' title='bbox 523 2537 737 2577; x_wconf 72' lang='lat' dir='ltr'><strong>CApm-um</strong></span> <span class='ocrx_word' id='word_1_316' title='bbox 766 2534 1022 2574; x_wconf 70' lang='lat' dir='ltr'><strong>UPSALENsrs</strong></span> <span class='ocrx_word' id='word_1_317' title='bbox 1052 2531 1102 2570; x_wconf 93' lang='lat' dir='ltr'><strong>ad</strong></span> <span class='ocrx_word' id='word_1_318' title='bbox 1130 2529 1335 2569; x_wconf 85' lang='lat' dir='ltr'><strong>Nicolaum</strong></span> <span class='ocrx_word' id='word_1_319' title='bbox 1363 2543 1505 2583; x_wconf 87' lang='lat' dir='ltr'><strong>papam</strong></span> <span class='ocrx_word' id='word_1_320' title='bbox 1543 2529 1666 2569; x_wconf 71' lang='lat' dir='ltr'>1V²¹¹¹¹¹</span> <span class='ocrx_word' id='word_1_321' title='bbox 1704 2532 1844 2580; x_wconf 77' lang='lat' dir='ltr'><strong>literae,</strong></span> <span class='ocrx_word' id='word_1_322' title='bbox 1888 2533 1956 2573; x_wconf 84' lang='lat' dir='ltr'><strong>ubi</strong></span> <span class='ocrx_word' id='word_1_323' title='bbox 1992 2536 2152 2575; x_wconf 89' lang='lat' dir='ltr'><strong>nuntios</strong></span> <span class='ocrx_word' id='word_1_324' title='bbox 2188 2536 2254 2576; x_wconf 80' lang='lat' dir='ltr'><strong>Ni·</strong></span> <span class='ocrx_word' id='word_1_325' title='bbox 2291 2546 2346 2579; x_wconf 79' lang='lat'><strong>20,</strong></span> <span class='ocrx_word' id='word_1_326' title='bbox 2373 2548 2478 2581; x_wconf 84' lang='lat' dir='ltr'><strong>Junii.</strong></span> 
     </span>
    </p>
   </div>
   <div class='ocr_carea' id='block_1_14' title="bbox 45 2600 2255 2657">
    <p class='ocr_par' dir='ltr' id='par_1_15' title="bbox 45 2600 2255 2657">
     <span class='ocr_line' id='line_1_35' title="bbox 45 2600 2255 2657; baseline 0 -11"><span class='ocrx_word' id='word_1_327' title='bbox 45 2608 200 2648; x_wconf 89' lang='lat' dir='ltr'><strong>colaum</strong></span> <span class='ocrx_word' id='word_1_328' title='bbox 229 2607 421 2647; x_wconf 89' lang='lat' dir='ltr'><strong>decanum</strong></span> <span class='ocrx_word' id='word_1_329' title='bbox 452 2611 492 2646; x_wconf 90' lang='lat' dir='ltr'><strong>et</strong></span> <span class='ocrx_word' id='word_1_330' title='bbox 518 2606 573 2645; x_wconf 90' lang='lat' dir='ltr'><strong>M.</strong></span> <span class='ocrx_word' id='word_1_331' title='bbox 602 2605 858 2646; x_wconf 88' lang='lat' dir='ltr'><strong>Laurentium</strong></span> <span class='ocrx_word' id='word_1_332' title='bbox 887 2603 1038 2641; x_wconf 87' lang='lat' dir='ltr'><strong>mittere</strong></span> <span class='ocrx_word' id='word_1_333' title='bbox 1067 2614 1112 2640; x_wconf 90' lang='lat' dir='ltr'><strong>se</strong></span> <span class='ocrx_word' id='word_1_334' title='bbox 1142 2600 1256 2646; x_wconf 88' lang='lat' dir='ltr'><strong>dicit,</strong></span> <span class='ocrx_word' id='word_1_335' title='bbox 1286 2600 1466 2646; x_wconf 86' lang='lat' dir='ltr'><strong>“damna,</strong></span> <span class='ocrx_word' id='word_1_336' title='bbox 1496 2602 1718 2652; x_wconf 84' lang='lat' dir='ltr'><strong>gravamina</strong></span> <span class='ocrx_word' id='word_1_337' title='bbox 1750 2607 1788 2642; x_wconf 91' lang='lat' dir='ltr'><strong>et</strong></span> <span class='ocrx_word' id='word_1_338' title='bbox 1816 2603 2076 2657; x_wconf 86' lang='lat' dir='ltr'><strong>importabilia</strong></span> <span class='ocrx_word' id='word_1_339' title='bbox 2099 2608 2255 2653; x_wconf 89' lang='lat' dir='ltr'><strong>onera&#39;’,</strong></span> 
     </span>
    </p>
   </div>
   <div class='ocr_carea' id='block_1_15' title="bbox 43 2671 2255 2921">
    <p class='ocr_par' dir='ltr' id='par_1_16' title="bbox 43 2671 2255 2921">
     <span class='ocr_line' id='line_1_36' title="bbox 43 2671 2253 2731; baseline 0 -14"><span class='ocrx_word' id='word_1_340' title='bbox 43 2691 128 2730; x_wconf 86' lang='lat' dir='ltr'><strong>quae</strong></span> <span class='ocrx_word' id='word_1_341' title='bbox 153 2692 202 2718; x_wconf 86' lang='lat' dir='ltr'><strong>ex</strong></span> <span class='ocrx_word' id='word_1_342' title='bbox 227 2692 294 2724; x_wconf 88' lang='lat' dir='ltr'><strong>eo,</strong></span> <span class='ocrx_word' id='word_1_343' title='bbox 325 2677 431 2731; x_wconf 90' lang='lat' dir='ltr'><strong>quod</strong></span> <span class='ocrx_word' id='word_1_344' title='bbox 458 2676 794 2729; x_wconf 75' lang='lat' dir='ltr'><strong>archiepiscopus</strong></span> <span class='ocrx_word' id='word_1_345' title='bbox 815 2672 1050 2714; x_wconf 65' lang='lat' dir='ltr'><strong>Lundmsis</strong></span> <span class='ocrx_word' id='word_1_346' title='bbox 1066 2672 1306 2724; x_wconf 79' lang='lat' dir='ltr'><strong>primatiam</strong></span> <span class='ocrx_word' id='word_1_347' title='bbox 1329 2684 1453 2722; x_wconf 79' lang='lat' dir='ltr'><strong>super</strong></span> <span class='ocrx_word' id='word_1_348' title='bbox 1476 2671 1694 2711; x_wconf 77' lang='lat' dir='ltr'><strong>ecclesiam</strong></span> <span class='ocrx_word' id='word_1_349' title='bbox 1722 2671 1991 2725; x_wconf 81' lang='lat' dir='ltr'><strong>Upsalensem</strong></span> <span class='ocrx_word' id='word_1_350' title='bbox 2012 2677 2253 2728; x_wconf 79' lang='lat' dir='ltr'><strong>postulavit,</strong></span> 
     </span>
     <span class='ocr_line' id='line_1_37' title="bbox 43 2748 524 2802; baseline 0 -16"><span class='ocrx_word' id='word_1_351' title='bbox 43 2748 229 2796; x_wconf 86' lang='lat' dir='ltr'><strong>oriretur,</strong></span> <span class='ocrx_word' id='word_1_352' title='bbox 259 2748 524 2802; x_wconf 84' lang='lat' dir='ltr'><strong>exposituros.</strong></span> 
     </span>
     <span class='ocr_line' id='line_1_38' title="bbox 435 2808 2255 2864; baseline -0.001 -13"><span class='ocrx_word' id='word_1_353' title='bbox 435 2817 526 2864; x_wconf 82' lang='lat' dir='ltr'><strong>Epit.</strong></span> <span class='ocrx_word' id='word_1_354' title='bbox 551 2816 585 2849; x_wconf 90' lang='lat' dir='ltr'><strong>in</strong></span> <span class='ocrx_word' id='word_1_355' title='bbox 608 2812 798 2849; x_wconf 86' lang='lat' dir='ltr'><strong>Neumanni</strong></span> <span class='ocrx_word' id='word_1_356' title='bbox 821 2811 912 2845; x_wconf 76' lang='lat' dir='ltr'><strong>nist.</strong></span> <span class='ocrx_word' id='word_1_357' title='bbox 945 2810 1109 2854; x_wconf 85' lang='lat' dir='ltr'><strong>primatus</strong></span> <span class='ocrx_word' id='word_1_358' title='bbox 1133 2808 1328 2842; x_wconf 87' lang='lat' dir='ltr'><strong>Lundensis</strong></span> <span class='ocrx_word' id='word_1_359' title='bbox 1353 2820 1385 2852; x_wconf 87' lang='lat' dir='ltr'><strong>p.</strong></span> <span class='ocrx_word' id='word_1_360' title='bbox 1413 2810 1489 2843; x_wconf 88' lang='lat'><strong>175.</strong></span> <span class='ocrx_word' id='word_1_361' title='bbox 1543 2812 1612 2844; x_wconf 83' lang='lat' dir='ltr'><strong>Aut</strong></span> <span class='ocrx_word' id='word_1_362' title='bbox 1644 2811 1696 2844; x_wconf 81' lang='lat' dir='ltr'><strong>hae</strong></span> <span class='ocrx_word' id='word_1_363' title='bbox 1726 2811 1833 2845; x_wconf 83' lang='lat' dir='ltr'><strong>literae</strong></span> <span class='ocrx_word' id='word_1_364' title='bbox 1864 2813 1907 2846; x_wconf 86' lang='lat' dir='ltr'><strong>ad</strong></span> <span class='ocrx_word' id='word_1_365' title='bbox 1939 2823 2016 2847; x_wconf 89' lang='lat' dir='ltr'><strong>ann.</strong></span> <span class='ocrx_word' id='word_1_366' title='bbox 2050 2814 2161 2860; x_wconf 78' lang='lat'><strong>1289,</strong></span> <span class='ocrx_word' id='word_1_367' title='bbox 2197 2820 2255 2849; x_wconf 76' lang='lat' dir='ltr'><strong>aut</strong></span> 
     </span>
     <span class='ocr_line' id='line_1_39' title="bbox 435 2870 1810 2921; baseline -0.004 -8"><span class='ocrx_word' id='word_1_368' title='bbox 435 2879 543 2914; x_wconf 81' lang='lat' dir='ltr'><strong>literae</strong></span> <span class='ocrx_word' id='word_1_369' title='bbox 579 2888 686 2921; x_wconf 85' lang='lat' dir='ltr'><strong>supra.</strong></span> <span class='ocrx_word' id='word_1_370' title='bbox 720 2876 782 2909; x_wconf 85' lang='lat' dir='ltr'><strong>sub</strong></span> <span class='ocrx_word' id='word_1_371' title='bbox 807 2884 862 2907; x_wconf 90' lang='lat' dir='ltr'><strong>no.</strong></span> <span class='ocrx_word' id='word_1_372' title='bbox 891 2872 988 2905; x_wconf 84' lang='lat'><strong>1-116.</strong></span> <span class='ocrx_word' id='word_1_373' title='bbox 1014 2871 1128 2903; x_wconf 77' lang='lat' dir='ltr'><strong>auatae</strong></span> <span class='ocrx_word' id='word_1_374' title='bbox 1155 2870 1198 2902; x_wconf 81' lang='lat' dir='ltr'><strong>ad</strong></span> <span class='ocrx_word' id='word_1_375' title='bbox 1221 2880 1299 2904; x_wconf 87' lang='lat' dir='ltr'><strong>ann.</strong></span> <span class='ocrx_word' id='word_1_376' title='bbox 1327 2870 1424 2904; x_wconf 80' lang='lat'><strong>1290.</strong></span> <span class='ocrx_word' id='word_1_377' title='bbox 1450 2872 1620 2915; x_wconf 86' lang='lat' dir='ltr'><strong>pertinere</strong></span> <span class='ocrx_word' id='word_1_378' title='bbox 1646 2872 1810 2908; x_wconf 86' lang='lat' dir='ltr'><strong>videntur.</strong></span> 
     </span>
    </p>
   </div>
   <div class='ocr_carea' id='block_1_16' title="bbox 21 2932 2474 3061">
    <p class='ocr_par' dir='ltr' id='par_1_17' title="bbox 21 2932 2474 3061">
     <span class='ocr_line' id='line_1_40' title="bbox 301 2932 2474 2993; baseline -0.002 -12"><span class='ocrx_word' id='word_1_379' title='bbox 301 2941 461 2990; x_wconf 65' lang='lat'>[1428]</span> <span class='ocrx_word' id='word_1_380' title='bbox 516 2940 706 2979; x_wconf 72' lang='lat' dir='ltr'><strong>Nlcomu</strong></span> <span class='ocrx_word' id='word_1_381' title='bbox 736 2935 1023 2988; x_wconf 86' lang='lat' dir='ltr'><strong>Burglanensis</strong></span> <span class='ocrx_word' id='word_1_382' title='bbox 1062 2933 1237 2985; x_wconf 85' lang='lat' dir='ltr'><strong>episcopi</strong></span> <span class='ocrx_word' id='word_1_383' title='bbox 1275 2932 1466 2984; x_wconf 89' lang='lat' dir='ltr'><strong>diploma,</strong></span> <span class='ocrx_word' id='word_1_384' title='bbox 1511 2947 1591 2986; x_wconf 91' lang='lat' dir='ltr'><strong>quo</strong></span> <span class='ocrx_word' id='word_1_385' title='bbox 1627 2934 1778 2975; x_wconf 88' lang='lat' dir='ltr'><strong>Jacobo</strong></span> <span class='ocrx_word' id='word_1_386' title='bbox 1821 2935 1957 2976; x_wconf 90' lang='lat' dir='ltr'><strong>abbati</strong></span> <span class='ocrx_word' id='word_1_387' title='bbox 2001 2942 2041 2977; x_wconf 90' lang='lat' dir='ltr'><strong>et</strong></span> <span class='ocrx_word' id='word_1_388' title='bbox 2082 2940 2251 2993; x_wconf 88' lang='lat' dir='ltr'><strong>capitulo</strong></span> <span class='ocrx_word' id='word_1_389' title='bbox 2288 2949 2343 2984; x_wconf 80' lang='lat'><strong>25.</strong></span> <span class='ocrx_word' id='word_1_390' title='bbox 2368 2952 2474 2985; x_wconf 57' lang='lat' dir='ltr'><strong>,1012st</strong></span> 
     </span>
     <span class='ocr_line' id='line_1_41' title="bbox 21 3002 2251 3061; baseline -0.002 -12"><span class='ocrx_word' id='word_1_391' title='bbox 21 3011 267 3051; x_wconf 84' lang='lat' dir='ltr'><strong>-monasterii</strong></span> <span class='ocrx_word' id='word_1_392' title='bbox 306 3010 547 3050; x_wconf 85' lang='lat' dir='ltr'><strong>Vitescholae</strong></span> <span class='ocrx_word' id='word_1_393' title='bbox 584 3008 792 3049; x_wconf 90' lang='lat' dir='ltr'><strong>ecclesiam</strong></span> <span class='ocrx_word' id='word_1_394' title='bbox 829 3006 866 3044; x_wconf 89' lang='lat' dir='ltr'><strong>in</strong></span> <span class='ocrx_word' id='word_1_395' title='bbox 897 3002 1063 3056; x_wconf 76' lang='lat' dir='ltr'><strong>Sundby</strong></span> <span class='ocrx_word' id='word_1_396' title='bbox 1092 3015 1181 3042; x_wconf 89' lang='lat' dir='ltr'><strong>cum</strong></span> <span class='ocrx_word' id='word_1_397' title='bbox 1209 3002 1452 3054; x_wconf 89' lang='lat' dir='ltr'><strong>pertinentiis</strong></span> <span class='ocrx_word' id='word_1_398' title='bbox 1489 3004 1649 3045; x_wconf 87' lang='lat' dir='ltr'><strong>confert.</strong></span> <span class='ocrx_word' id='word_1_399' title='bbox 1690 3027 1745 3034; x_wconf 94' lang='lat'>—</span> <span class='ocrx_word' id='word_1_400' title='bbox 1788 3005 1980 3061; x_wconf 76' lang='lat' dir='ltr'><strong>Sundby,</strong></span> <span class='ocrx_word' id='word_1_401' title='bbox 2022 3008 2251 3050; x_wconf 80' lang='lat' dir='ltr'><strong>M.CC.XC.</strong></span> 
     </span>
    </p>
   </div>
   <div class='ocr_carea' id='block_1_17' title="bbox 39 3079 2251 3189">
    <p class='ocr_par' dir='ltr' id='par_1_18' title="bbox 39 3079 2251 3189">
     <span class='ocr_line' id='line_1_42' title="bbox 39 3079 730 3122; baseline -0.003 -4"><span class='ocrx_word' id='word_1_402' title='bbox 39 3080 152 3120; x_wconf 87' lang='lat' dir='ltr'><strong>tertia</strong></span> <span class='ocrx_word' id='word_1_403' title='bbox 182 3080 375 3122; x_wconf 86' lang='lat' dir='ltr'><strong>dominica</strong></span> <span class='ocrx_word' id='word_1_404' title='bbox 404 3080 517 3120; x_wconf 88' lang='lat' dir='ltr'><strong>Deus</strong></span> <span class='ocrx_word' id='word_1_405' title='bbox 548 3079 730 3118; x_wconf 89' lang='lat' dir='ltr'><strong>omnium.</strong></span> 
     </span>
     <span class='ocr_line' id='line_1_43' title="bbox 430 3141 2251 3189; baseline 0 -6"><span class='ocrx_word' id='word_1_406' title='bbox 430 3151 518 3183; x_wconf 78' lang='lat' dir='ltr'><strong>D&#39;a&#39;m.</strong></span> <span class='ocrx_word' id='word_1_407' title='bbox 550 3147 710 3181; x_wconf 82' lang='lat' dir='ltr'><strong>Biblioth.</strong></span> <span class='ocrx_word' id='word_1_408' title='bbox 743 3147 806 3179; x_wconf 88' lang='lat' dir='ltr'><strong>VI.</strong></span> <span class='ocrx_word' id='word_1_409' title='bbox 842 3144 1009 3177; x_wconf 79' lang='lat'><strong>170—71.</strong></span> <span class='ocrx_word' id='word_1_410' title='bbox 1068 3142 1142 3175; x_wconf 81' lang='lat' dir='ltr'><strong>Cfr.</strong></span> <span class='ocrx_word' id='word_1_411' title='bbox 1174 3141 1318 3174; x_wconf 79' lang='lat' dir='ltr'><strong>Danske</strong></span> <span class='ocrx_word' id='word_1_412' title='bbox 1347 3144 1484 3184; x_wconf 77' lang='lat' dir='ltr'><strong>Mag-az.</strong></span> <span class='ocrx_word' id='word_1_413' title='bbox 1519 3144 1547 3176; x_wconf 89' lang='lat'><strong>1.</strong></span> <span class='ocrx_word' id='word_1_414' title='bbox 1583 3144 1666 3188; x_wconf 79' lang='lat'><strong>145,</strong></span> <span class='ocrx_word' id='word_1_415' title='bbox 1703 3145 1759 3178; x_wconf 85' lang='lat' dir='ltr'><strong>ubi</strong></span> <span class='ocrx_word' id='word_1_416' title='bbox 1783 3146 2028 3189; x_wconf 79' lang='lat' dir='ltr'><strong>Langebekius</strong></span> <span class='ocrx_word' id='word_1_417' title='bbox 2061 3158 2183 3182; x_wconf 86' lang='lat' dir='ltr'><strong>annum</strong></span> <span class='ocrx_word' id='word_1_418' title='bbox 2218 3155 2251 3184; x_wconf 86' lang='lat' dir='ltr'><strong>et</strong></span> 
     </span>
    </p>
   </div>
   <div class='ocr_carea' id='block_1_18' title="bbox 431 3202 2249 3377">
    <p class='ocr_par' dir='ltr' id='par_1_19' title="bbox 431 3202 2249 3377">
     <span class='ocr_line' id='line_1_44' title="bbox 432 3202 2249 3253; baseline -0.001 -9"><span class='ocrx_word' id='word_1_419' title='bbox 432 3211 519 3244; x_wconf 79' lang='lat' dir='ltr'><strong>diem</strong></span> <span class='ocrx_word' id='word_1_420' title='bbox 558 3208 735 3253; x_wconf 79' lang='lat' dir='ltr'><strong>diplomati</strong></span> <span class='ocrx_word' id='word_1_421' title='bbox 769 3206 959 3249; x_wconf 84' lang='lat' dir='ltr'><strong>adscriptos</strong></span> <span class='ocrx_word' id='word_1_422' title='bbox 993 3205 1039 3237; x_wconf 83' lang='lat' dir='ltr'><strong>ita</strong></span> <span class='ocrx_word' id='word_1_423' title='bbox 1069 3202 1229 3246; x_wconf 79' lang='lat' dir='ltr'><strong>corrigit,</strong></span> <span class='ocrx_word' id='word_1_424' title='bbox 1266 3206 1303 3235; x_wconf 88' lang='lat' dir='ltr'><strong>ut</strong></span> <span class='ocrx_word' id='word_1_425' title='bbox 1339 3204 1452 3237; x_wconf 79' lang='lat' dir='ltr'><strong>tertia</strong></span> <span class='ocrx_word' id='word_1_426' title='bbox 1485 3204 1519 3238; x_wconf 89' lang='lat' dir='ltr'><strong>in</strong></span> <span class='ocrx_word' id='word_1_427' title='bbox 1557 3205 1669 3238; x_wconf 72' lang='lat' dir='ltr'><strong>toreio</strong></span> <span class='ocrx_word' id='word_1_428' title='bbox 1701 3209 1831 3249; x_wconf 87' lang='lat' dir='ltr'><strong>mutet,</strong></span> <span class='ocrx_word' id='word_1_429' title='bbox 1869 3211 1903 3241; x_wconf 87' lang='lat' dir='ltr'><strong>et</strong></span> <span class='ocrx_word' id='word_1_430' title='bbox 1935 3208 2080 3252; x_wconf 88' lang='lat' dir='ltr'><strong>diploma</strong></span> <span class='ocrx_word' id='word_1_431' title='bbox 2103 3210 2145 3242; x_wconf 84' lang='lat' dir='ltr'><strong>ad</strong></span> <span class='ocrx_word' id='word_1_432' title='bbox 2170 3220 2249 3244; x_wconf 86' lang='lat' dir='ltr'><strong>ann.</strong></span> 
     </span>
     <span class='ocr_line' id='line_1_45' title="bbox 435 3264 2246 3307; baseline 0 -2"><span class='ocrx_word' id='word_1_433' title='bbox 435 3272 523 3305; x_wconf 83' lang='lat'>1293</span> <span class='ocrx_word' id='word_1_434' title='bbox 547 3273 665 3305; x_wconf 84' lang='lat' dir='ltr'><strong>refert.</strong></span> <span class='ocrx_word' id='word_1_435' title='bbox 723 3268 831 3302; x_wconf 67' lang='lat' dir='ltr'><strong>Nulla</strong></span> <span class='ocrx_word' id='word_1_436' title='bbox 855 3271 964 3300; x_wconf 76' lang='lat' dir='ltr'><strong>autem</strong></span> <span class='ocrx_word' id='word_1_437' title='bbox 990 3264 1196 3298; x_wconf 85' lang='lat' dir='ltr'><strong>correctione</strong></span> <span class='ocrx_word' id='word_1_438' title='bbox 1221 3274 1305 3307; x_wconf 85' lang='lat' dir='ltr'><strong>opus</strong></span> <span class='ocrx_word' id='word_1_439' title='bbox 1330 3268 1393 3298; x_wconf 86' lang='lat' dir='ltr'><strong>est.</strong></span> <span class='ocrx_word' id='word_1_440' title='bbox 1440 3267 1529 3299; x_wconf 83' lang='lat' dir='ltr'><strong>Nam</strong></span> <span class='ocrx_word' id='word_1_441' title='bbox 1555 3266 1775 3301; x_wconf 77' lang='lat' dir='ltr'><strong>“Dominica</strong></span> <span class='ocrx_word' id='word_1_442' title='bbox 1800 3269 1902 3303; x_wconf 68' lang='lat' dir='ltr'><strong>Deus</strong></span> <span class='ocrx_word' id='word_1_443' title='bbox 1927 3271 2116 3304; x_wconf 76' lang='lat' dir='ltr'><strong>omnium&#39;&#39;</strong></span> <span class='ocrx_word' id='word_1_444' title='bbox 2138 3282 2246 3305; x_wconf 80' lang='lat' dir='ltr'><strong>voca-</strong></span> 
     </span>
     <span class='ocr_line' id='line_1_46' title="bbox 431 3316 2244 3377; baseline 0 -11"><span class='ocrx_word' id='word_1_445' title='bbox 431 3337 486 3366; x_wconf 90' lang='lat' dir='ltr'><strong>tur</strong></span> <span class='ocrx_word' id='word_1_446' title='bbox 509 3343 574 3365; x_wconf 91' lang='lat' dir='ltr'><strong>non</strong></span> <span class='ocrx_word' id='word_1_447' title='bbox 600 3332 709 3365; x_wconf 88' lang='lat' dir='ltr'><strong>solum</strong></span> <span class='ocrx_word' id='word_1_448' title='bbox 735 3328 902 3363; x_wconf 81' lang='lat' dir='ltr'><strong>dominica</strong></span> <span class='ocrx_word' id='word_1_449' title='bbox 928 3327 1027 3361; x_wconf 82' lang='lat' dir='ltr'><strong>tertia</strong></span> <span class='ocrx_word' id='word_1_450' title='bbox 1050 3329 1126 3370; x_wconf 87' lang='lat' dir='ltr'><strong>post</strong></span> <span class='ocrx_word' id='word_1_451' title='bbox 1148 3316 1385 3370; x_wconf 82' lang='lat' dir='ltr'><strong>pentecosten,</strong></span> <span class='ocrx_word' id='word_1_452' title='bbox 1426 3338 1540 3361; x_wconf 84' lang='lat' dir='ltr'><strong>verum</strong></span> <span class='ocrx_word' id='word_1_453' title='bbox 1573 3328 1674 3363; x_wconf 79' lang='lat' dir='ltr'><strong>etiam</strong></span> <span class='ocrx_word' id='word_1_454' title='bbox 1698 3329 1821 3374; x_wconf 72' lang='lat' dir='ltr'><strong>quaeviS</strong></span> <span class='ocrx_word' id='word_1_455' title='bbox 1854 3331 1925 3365; x_wconf 71' lang='lat' dir='ltr'><strong>alia</strong></span> <span class='ocrx_word' id='word_1_456' title='bbox 1951 3332 2140 3376; x_wconf 82' lang='lat' dir='ltr'><strong>dominica,</strong></span> <span class='ocrx_word' id='word_1_457' title='bbox 2175 3344 2244 3377; x_wconf 75' lang='lat' dir='ltr'><strong>quae</strong></span> 
     </span>
    </p>
   </div>
  </div>
 </body>
</html>
