2649 3686
136 334 255 376 1305.

81 577 132 609 14.
162 577 306 610 Januar.

102 922 283 956 Januario.

80 1198 136 1231 31.
161 1198 301 1230 Januar.

106 1535 159 1568 26.
192 1535 291 1568 Febr.

94 1948 126 1979 8.
174 1945 303 1979 Martii.

94 2488 149 2520 30.
174 2487 301 2520 Martii.

103 2840 136 2871 3.
162 2837 303 2881 Aprilis.

117 3031 167 3063 12.
195 3030 293 3071 Maji.

119 3239 169 3271 18.
202 3238 297 3280 Maji.

322 161 420 212 198
1128 154 1282 203 KoxG
1315 149 1446 198 ΕΒΗ(
1479 147 1717 195 MExvnn.

324 229 2538 258 W

720 331 877 372 Sfindage
908 329 1040 362 mellem
1069 327 1127 361 Jul
1154 336 1197 367 og
1215 323 1306 356 Hell.
1326 322 1347 353 3
1369 322 1520 361 Kongor,
1551 319 1714 351 eftersom
1736 315 1829 348 disse
1851 314 1934 347 ikke
1957 314 2067 347 harde
2088 317 2190 356 noget
2210 316 2355 355 saereget
2376 314 2540 356 officium

722 393 833 436 (fordi
857 393 896 424 de
908 389 1097 430 saedvanlig
1109 389 1235 420 maatte
1250 382 1398 416 indfalde
1415 391 1480 424 paa
1501 391 1541 412 en
1559 379 1715 419 Festdag
1728 377 1811 410 eller
1825 387 1865 409 en
1880 375 2044 417 Octava).
2092 377 2192 408 Hvad
2208 376 2432 409 naervaerende
2446 378 2538 410 For-

720 454 806 486 bund
828 462 985 494 angaaer,
1008 451 1051 483 da
1071 460 1108 482 er
1130 450 1183 480 det
1199 443 1430 487 sandsynligt‚
1451 445 1486 474 at
1506 442 1561 473 det
1572 451 1609 472 er
1622 439 1759 471 udstedt
1780 439 1840 471 den
1855 439 1888 470 2.
1905 440 2038 470 Januar
2053 448 2096 479 og
2109 437 2191 469 ikke
2205 437 2267 469 den
2280 437 2337 470 25.
2355 438 2541 472 December

721 514 776 558 (Ἥ
802 515 869 547 lete
890 511 1065 554 Juledag]‚
1093 510 1251 542 efter-som
1273 515 1350 538 man
1372 513 1477 546 neppe
1497 502 1584 534 vilde
1605 501 1707 533 kalde
1727 501 1834 532 denne
1853 496 2243 540 Festdag'Lovei-dagen
2264 498 2318 531 for
2340 510 2380 532 en
2394 501 2541 542 Siindag.

593 577 748 624 [1622]
805 576 1029 614 Communi
1067 575 1359 619 ceterorumque
1395 565 1539 604 civium
1577 564 1879 602 Aacsmmsmm
1917 561 1967 617 ad
2003 560 2197 608 Emeum)
2234 574 2366 612 regem
2403 561 2540 610 literae,

334 646 479 700 quibus
508 647 750 699 supplicant,
779 649 822 683 ut
850 655 1086 683 consensum
1117 652 1230 678 suum
1261 636 1328 674 det
1357 635 1405 674 de
1435 634 1740 673 commutatione
1769 632 1845 670 loci
1877 630 2087 684 cujusdam
2117 630 2279 683 plateae,
2317 645 2431 684 quem
2462 633 2541 684 epi-

326 731 475 769 scopus
513 721 553 755 et
587 715 798 767 capitulum
835 713 1014 752 ecclesiae
1057 707 1288 747 Arusiensis
1325 718 1395 756 pro
1426 704 1682 756 ampliatione
1721 702 1950 741 coemeterii
1981 702 2213 740 commutari
2248 701 2447 755 petebant:
2489 724 2542 731 —·

328 786 443 826 Feria
474 786 609 838 quinta
638 788 730 837 post
760 787 919 822 octavas
949 779 1166 832 epiphaniae
1198 776 1358 814 domini.

717 852 902 893 Langebek
928 849 1066 891 Scriptt.
1092 848 1154 879 Vl.
1181 844 1353 877 418—19.

589 914 742 962 [1623]
801 913 1017 951 svm-oms
1057 921 1162 947 meri
1204 908 1390 946 Rvs'rrcr
1435 909 1476 944 et
1510 904 1727 944 Jormwms
1765 903 2085 943 svm-minoen
2126 902 2177 942 ad
2214 915 2346 954 regem
2383 901 2542 942 Ericum

330 986 474 1031 literae,
515 984 657 1037 quihus
687 984 873 1021 rationem
911 980 1078 1018 reddunt
1114 977 1389 1030 inquisitionis
1433 990 1514 1015 suae
1545 975 1593 1014 de
1623 975 1711 1013 loco
1749 973 1958 1027 cujusdam
1995 974 2155 1026 plateae,
2196 986 2311 1025 quem
2340 972 2544 1012 Johannes

329 1056 542 1108 episcopus
567 1057 606 1091 et
628 1052 838 1104 capitulum
854 1050 1088 1088 Arusiensis
1113 1047 1292 1086 ecclesiae
1316 1060 1386 1098 pro
1412 1045 1667 1098 ampliatione
1692 1044 1916 1083 coemeterii
1942 1044 2122 1082 ecclesiae
2149 1043 2377 1082 commutari
2393 1046 2543 1094 petunt.

717 1120 865 1161 Langeb.
880 1119 1017 1161 Scriptt.
1033 1119 1094 1151 VI.
1110 1117 1188 1150 418.
1237 1116 1398 1149 Suhqus
1418 1116 1482 1148 lias
1500 1115 1623 1148 literas
1642 1115 1684 1147 ad
1706 1125 1761 1147 an.
1779 1114 1877 1146 1304.
1891 1114 2001 1146 refert
2018 1112 2127 1156 (Hist.
2144 1113 2338 1145 afDanmk.
2353 1113 2416 1145 XI.
2433 1111 2544 1156 468..)

586 1183 728 1235 [1624]
785 1181 867 1220 JON
893 1181 1081 1219 Joxssox
1112 1179 1247 1218 erLa
1278 1179 1328 1217 ad
1358 1178 1560 1217 Ysarnum
1585 1176 1930 1229 archiepiscopum
1955 1174 2211 1213 Lundensem
2237 1175 2370 1221 literae,
2401 1173 2545 1227 quibus

329 1267 565 1295 consensum
602 1267 715 1292 suum
753 1252 944 1304 impertit,
974 1254 1018 1288 ut
1055 1250 1228 1288 ecclesia
1264 1248 1450 1301 W'aesby‚
1494 1249 1530 1286 in
1571 1261 1647 1300 qua
1685 1247 1721 1286 ei
1751 1260 1827 1285 una
1864 1259 1951 1284 cum
1990 1244 2293 1297 archiepiscopo
2319 1245 2390 1296 jus
2419 1247 2545 1295 patro-

332 1330 446 1364 natus
476 1323 744 1376 competebat,
787 1336 874 1360 cum
911 1320 1120 1373 praebenda
1157 1319 1356 1358 Guidonis
1395 1319 1444 1357 de
1480 1317 1711 1364 Hallandia,
1755 1317 1935 1356 canonici
1972 1315 2224 1370 Lundensis,
2273 1316 2545 1368 conjungatur.

328 1418 382 1424 —-
414 1393 724 1449 Hyrz'vyslzolm,
756 1391 950 1430 dominica
979 1404 1089 1442 prox.
1120 1394 1210 1429 ante
1238 1389 1549 1442 purificationem
1579 1387 1727 1427 Mariae.

720 1462 898 1503 Liljegren
927 1460 1154 1504 Diplomatar.
1181 1464 1327 1492 Svecan.
1357 1460 1401 1492 11.
1428 1469 1482 1491 no.
1512 1459 1612 1491 1455.
1637 1470 1669 1502 p.
1695 1459 1774 1490 437.

588 1525 742 1573 [1625]
802 1523 996 1570 Onavus,
1036 1523 1254 1575 episcopus
1283 1520 1590 1568 Roskildensis,
1635 1520 1767 1559 abbati
1799 1523 1837 1558 et
1865 1517 2072 1557 monachis
2102 1520 2320 1556 conventus
2350 1515 2399 1555 de
2429 1516 2547 1566 Sora,

326 1596 606 1636 Cisterciensis
638 1594 806 1640 ordinis,
837 1593 1062 1631 facultatem
1089 1591 1292 1638 concedit,
1323 1592 1361 1630 in
1392 1590 1568 1630 dioecesi
1600 1604 1673 1630 sua
1703 1590 1835 1629 divina
1865 1588 2075 1634 celebrare,
2105 1586 2384 1626 consessiones
2413 1586 2547 1626 audire

325 1670 365 1706 et
394 1666 627 1705 confitentes
656 1664 881 1710 absolvere,
907 1665 1025 1702 etiam
1057 1664 1094 1701 in
1125 1661 1288 1701 casibus
1318 1661 1369 1699 ad
1399 1675 1444 1700 se
1474 1661 1604 1713 ipsum
1636 1661 1864 1713 specialiter
1894 1657 2194 1710 spectantibus,
2225 1661 2265 1695 et
2293 1655 2452 1696 verbum
2483 1656 2546 1696 dei

326 1740 405 1774 tam
442 1736 597 1774 clericis
635 1748 749 1788 quam
786 1734 900 1772 laicis
929 1732 1163 1786 praedicare,
1207 1746 1254 1771 ac
1281 1731 1358 1770 XL
1396 1731 1484 1770 dies
1520 1731 1804 1769 relaxationum
1842 1728 2089 1769 auditoribus
2119 1726 2334 1778 indulgere.
2374 1748 2422 1754 —
2466 1727 2547 1768 Ro-

328 1805 495 1855 slcz'ldis,
526 1806 625 1845 seria
649 1808 761 1844 sexta
789 1804 967 1857 proxima
995 1807 1091 1856 post
1120 1802 1223 1842 diem
1253 1801 1291 1840 h.
1321 1801 1483 1840 Mathiae
1513 1801 1699 1855 apostoli.

719 1875 859 1907 Danske
883 1872 1047 1915 Magazin
1071 1874 1133 1905 lv.
1158 1884 1190 1915 p.
1216 1871 1388 1904 228—29.

589 1936 744 1985 [lo-26]
801 1936 950 1975 JAcom
976 1935 1138 1974 comitis
1168 1933 1385 1972 Hallandiae
1424 1932 1619 1985 diploma,
1664 1946 1741 1985 quo
1776 1932 2005 1970 comitatum
2035 1929 2207 1969 Halland
2245 1929 2429 1982 Haquino
2466 1931 2548 1982 regi

324 2008 531 2060 Norvegiae
561 2006 666 2046 cedit
695 2010 734 2045 et
762 2010 912 2053 scotat,
957 2007 995 2044 in
1035 2005 1446 2057 recompensationem
1483 2002 1762 2041 beneficiorum
1804 2005 1844 2040 et
1880 2001 2035 2046 auxilii,
2073 2000 2151 2039 sihi
2181 2014 2204 2039 a
2234 2013 2325 2051 rege
2353 2004 2393 2039 et
2429 2000 2548 2039 fratre

328 2081 418 2132 ejus
450 2079 596 2128 (Erico)
626 2081 740 2115 antea
770 2080 905 2115 contra
934 2089 1066 2128 regem
1095 2074 1232 2113 Daniae
1263 2074 1453 2127 praestiti,
1484 2076 1552 2112 “et
1574 2074 1788 2125 potissime
1817 2073 1908 2125 quia
1932 2075 2067 2110 contra
2093 2072 2305 2109 instantem
2329 2074 2548 2110 castrorum

326 2153 547 2189 nostrorum
578 2161 599 2186 a
630 2147 734 2186 dicto
760 2146 916 2185 domino
954 2160 1046 2198 rege
1075 2145 1209 2185 Daciae
1248 2144 1582 2197 impugnationem
1622 2147 1661 2181 et
1697 2144 1911 2182 comitatus
1946 2142 2190 2179 invasionem
2221 2154 2297 2179 non
2327 2141 2548 2180 sufficimus

325 2220 496 2272 propriis
525 2218 675 2257 viribus
711 2218 900 2256 resistere
939 2220 979 2255 et
1015 2219 1150 2275 castra¹
1184 2214 1407 2263 (Hunehals
1438 2217 1478 2252 et
1507 2213 1719 2265 VVarberg)
1755 2227 1801 2251 ac
1838 2212 2022 2251 homines
2059 2212 2096 2249 in
2134 2210 2287 2249 eisdem
2327 2212 2547 2250 existentes

326 2288 528 2329 liberare”.
560 2310 608 2315 —
645 2286 935 2339 Tmzsbcrylzz's,
966 2287 1030 2325 die
1059 2286 1182 2325 Lunae
1212 2299 1322 2337 prox.
1353 2288 1442 2322 ante
1472 2283 1617 2322 festum
1650 2284 1829 2335 Gregorii
1858 2296 1982 2335 papae.

716 2357 903 2390 Thorkelin
929 2357 1092 2390 Analecta
1117 2367 1148 2398 p.
1174 2355 1323 2387 68—71.
1384 2353 1563 2395 LiIch-ren
1589 2354 1816 2397 Diplomatar.
1842 2356 1986 2385 &vecam
2021 2351 2066 2384 11.
2098 2361 2165 2383 no..
2189 2350 2288 2384 1458.
2320 2361 2351 2394 p.
2376 2350 2547 2384 439—40.

723 2418 794 2451 cfr.
822 2419 925 2452 Suhm
951 2419 1040 2451 nist.
1066 2418 1106 2450 af
1126 2418 1273 2449 Danmk.
1299 2417 1362 2448 XI.
1388 2416 1468 2448 487.

587 2483 743 2532 [1627]
800 2483 943 2522 Literae
970 2480 1095 2520 En1c1
1122 2484 1228 2534 regis
1252 2486 1292 2520 et
1315 2482 1587 2528 Cmsromm,
1611 2480 1725 2519 ducis
1746 2479 1937 2522 Estoniae‚
1963 2477 2108 2531 quibus
2132 2477 2344 2524 declarant,
2373 2476 2547 2524 Ericum,

329 2554 447 2592 filium
477 2553 620 2592 domini
649 2553 829 2591 Neholai
859 2553 951 2591 dicti
979 2553 1193 2605 Bighaerae‚
1238 2553 1366 2591 onmia
1406 2551 1510 2590 bona
1549 2564 1621 2589 sua
1660 2551 1695 2588 in
1725 2549 1935 2589 Biistholm
1966 2549 2001 2586 in
2038 2547 2226 2601 parochia
2257 2547 2430 2599 Skydhae
2460 2561 2548 2586 cum

331 2625 444 2662 terris
474 2624 510 2661 in
542 2623 842 2675 Skydhaemark,
879 2623 1137 2662 Brinnemark
1167 2627 1262 2669 etc.,
1307 2621 1500 2661 Brothero
1531 2620 1720 2667 diacono,
1757 2620 1945 2659 canonico
1975 2617 2238 2657 Roskildensi
2268 2621 2466 2656 scotasse.
2498 2639 2546 2646 --

334 2692 608 2745 Slcmgythorp,
640 2693 735 2731 seria
766 2695 878 2731 tertia
907 2695 1083 2746 proxima
1114 2697 1208 2745 post
1238 2692 1474 2732 dominicam
1504 2691 1658 2730 Laetare
1689 2689 1954 2729 Jherusalem.

719 2764 902 2804 Langcbek
929 2763 1066 2806 Scriptt.
1092 2764 1153 2795 VI.
1179 2762 1349 2794 -150—51.

592 2827 747 2876 [1628]
802 2828 927 2867 Erum
958 2829 1065 2879 regis
1095 2829 1238 2875 literae,
1284 2827 1428 2880 quibus
1456 2827 1585 2865 locum
1618 2824 1810 2877 quendam
1842 2824 1957 2875 juxta
1992 2823 2269 2861 coemeterium
2306 2824 2433 2862 sancti
2464 2821 2547 2862 Cle-

333 2896 476 2934 mentis
492 2896 669 2934 ecclcsiae
685 2898 893 2935 Arusicnsi
910 2903 1100 2950 perpetuo
1119 2900 1209 2950 jure
1233 2897 1522 2950 possidendum
1539 2896 1703 2935 confert.
1727 2915 1776 2921 —-
1801 2892 2125 2946 Slanqqetlcorp,
2157 2892 2324 2932 sabbato
2341 2893 2548 2932 Sitientes.

721 2967 903 3007 Langebek
930 2967 1071 3010 scriptu
1095 2970 1156 3000 VI.
1183 2968 1262 3000 400.

593 3026 746 3074 [lo-29]
804 3026 942 3065 lsfxnxr
973 3029 1261 3082 archiepiscopi
1291 3028 1523 3067 Lundensis
1552 3027 1693 3071 literae,
1738 3023 1884 3077 quibus
1914 3023 2088 3062 Guidoni
2125 3025 2312 3063 canonico
2341 3021 2547 3062 Lundensi

336 3097 546 3149 permittit,
574 3099 617 3133 ut
646 3096 813 3134 ecclesia
843 3097 879 3134 in
909 3097 1073 3150 Waesby
1101 3113 1188 3137 cum
1218 3098 1426 3151 praebenda
1457 3099 1546 3150 ejus
1575 3096 1845 3147 conjungatur.
1882 3115 1928 3121 —
1960 3094 2142 3142 Lundis,
2173 3094 2224 3133 id.
2254 3094 2353 3147 Maji
2382 3092 2452 3132 IV.

727 3165 897 3207 LilJegrcn
923 3167 1142 3210 Diplomatar.
1168 3170 1314 3200 Svecan.
1341 3169 1385 3200 lI.
1412 3178 1466 3200 no.
1496 3165 1594 3199 1466.
1619 3176 1652 3207 p.
1677 3163 1849 3195 44⁷1—45.

599 3236 751 3285 [¹530]
808 3238 930 3279 Erum
962 3240 1161 3279 Danorum
1193 3240 1477 3293 Slavorumque
1507 3240 1612 3290 regis
1652 3241 1692 3276 et
1729 3236 1842 3275 ducis
1870 3235 2048 3276 Estoniae
2081 3237 2274 3290 diploma,
2318 3235 2367 3275 de
2395 3234 2547 3288 privile-

339 3307 430 3358 giis,
460 3304 613 3346 civibus
638 3306 1021 3350 Stralsundiensibus
1044 3311 1271 3356 concessis,
1302 3310 1476 3363 undique
1497 3322 1566 3362 per
1589 3320 1746 3358 regnum
1771 3307 1860 3359 ejus
1885 3320 2024 3346 secure
2055 3307 2234 3347 veniendi
2267 3310 2306 3346 et
2336 3299 2546 3348 mercafidi,

2639 3181 2644 3333 1
