2649 3686
150 293 267 335 1316.

98 364 130 395 4.
156 363 317 406 Augusti.

106 494 157 527 19.
190 497 312 529 Nos-br.

159 2624 273 2664 1317.

116 2709 146 2739 7.
175 2710 314 2742 Januar.

335 122 435 172 220
1135 118 1289 166 Koxe
1321 112 1452 160 me
1486 111 1726 159 MEvan.

338 296 432 334 tatis
459 294 653 335 Johannis
682 294 866 347 baptistae
895 292 1050 332 solvere
1080 287 1331 330 tenebantur,
1363 283 1520 322 domino
1549 282 1855 334 Magnopolensi
1885 282 2042 321 solvere
2069 281 2204 321 velint.
2235 302 2284 308 —
2315 280 2549 335 Nykc'ipinq,

341 364 436 404 feria
467 365 536 404 IV.
566 369 655 404 ante
682 365 784 403 diem
812 362 1024 402 Laurentii.

730 433 903 466 sartorius
930 431 1053 464 Gesch.
1081 429 1112 462 d.
1138 429 1252 459 nanse
1273 425 1324 457 ed.
1349 422 1584 464 Lappenberg.
1611 420 1655 453 ΙΙ.
1681 431 1737 453 110.
1765 421 1929 453 cxvue.
1955 421 1986 453 d.
2013 431 2046 463 p.
2071 419 2152 452 243.

596 495 740 545 [1823]
797 494 1026 543 privilegia,
1056 504 1125 543 per
1154 488 1547 527 CHRISTOPHORUM,
1577 482 1716 521 ducem
1747 482 1963 521 Hallandiae
1994 485 2033 521 et
2062 480 2280 527 samshoe,
2323 480 2474 533 civibus
2504 483 2552 524 de
2611 535 2615 538 γ

343 564 594 604 Stralsundis
622 565 830 617 promissa.
860 585 912 591 —-
943 557 1269 602 Strctlesszmdis,
1302 554 1363 592 die
1392 566 1426 591 5.
1456 551 1638 590 Elizabet
1667 551 1807 591 viduae.

733 634 839 666 Suhm
864 631 952 664 nist.
979 631 1019 662 af
1040 627 1183 661 Danmk.
1208 626 1270 657 XI.
1294 622 1469 655 921—25.

601 695 744 746 [1824]
801 693 924 732 Enicl
956 691 1156 729 Danorum
1184 687 1290 737 regis
1321 684 1370 723 ad
1400 682 1722 722 Rostockienses
1751 683 1890 728 literae,
1935 682 2082 735 quibus
2120 682 2171 721 iis
2200 696 2272 735 pro
2302 681 2445 720 auxilio
2474 685 2555 722 tam

343 765 509 805 navibus
540 779 655 818 quam
692 763 876 815 expensis
912 762 1046 799 :estate
1074 757 1251 810 proxime
1281 757 1439 806 peracta
1469 753 1548 791 lato
1578 767 1745 805 magnas
1775 755 1922 804 gratias
1951 753 2161 806 persolvit,
2207 766 2374 802 rogans,
2410 755 2480 790 “ut
2507 751 2556 792 de

341 837 489 876 meliori
527 834 729 874 subsidio’'
766 832 956 882 cogitent,
1000 828 1118 880 idque
1156 838 1300 878 genero
1341 837 1417 862 suo
1456 822 1616 862 domino
1646 823 1816 863 Henrico
1846 823 2153 876 Magnop01ensi
2189 824 2395 874 assignare
2425 821 2553 861 velint.

343 927 392 934 -
422 904 642 959 Ivgjburqh,
671 904 756 941 sine
785 914 897 940 311110.

728 970 891 1003 Rostock.
916 967 1093 1000 wochentl.
1118 967 1370 1010 Nachrichten,
1399 965 1499 998 1753.
1524 975 1556 1008 p.
1585 964 1777 997 102—103.

600 1032 749 1080 [1825]
805 1030 994 1069 NiconAi
1026 1034 1065 1068 et
1093 1029 1311 1068 JOHANNJS
1344 1042 1394 1067 ne:
1425 1028 1590 1066 wizam
1622 1027 1764 1073 literae,
1809 1024 1953 1078 quibus
1983 1039 2029 1064 se
2058 1029 2102 1064 ut
2139 1024 2313 1064 vasallos
2342 1025 2449 1076 regis
2479 1022 2557 1064 Da-

342 1107 412 1145 niae
442 1104 614 1156 obligant
642 1101 764 1140 eidem
794 1101 874 1151 regi
905 1113 992 1138 cum
1022 1099 1250 1138 hominibus
1275 1101 1364 1138 suis
1389 1098 1582 1136 adversus
1606 1098 1785 1135 inimicos
1811 1097 1904 1147 ejus
1928 1095 2114 1135 auxilium
2137 1095 2248 1134 ferre.
2264 1095 2428 1134 —Sine
2443 1108 2557 1134 311110.

727 1169 898 1202 Hvitfeldt
921 1171 1044 1202 Danm.
1078 1170 1185 1212 Riges
1210 1171 1318 1203 Kron.
1343 1180 1376 1211 p.
1403 1168 1484 1201 386.
1517 1167 1588 1211 (ed.
1624 1167 1658 1199 111
1692 1167 1746 1198 4to
1768 1168 1807 1199 Τ.
1833 1167 1895 1199 III.
1920 1178 1952 1209 p.
1987 1165 2090 1209 219).
2150 1166 2294 1197 Pontan.
2319 1167 2420 1197 Rei-r.
2445 1166 2556 1224 Danu.

727 1232 881 1264 Historia.
901 1231 997 1264 Libr.
1022 1232 1103 1264 VII.
1130 1243 1161 1274 p.
1186 1231 1266 1263 416.
1314 1231 1405 1273 Epit.
1431 1241 1485 1273 ap.
1511 1230 1690 1262 Schwartz
1714 1230 1844 1261 Pomm.
1868 1228 2022 1269 RugIan.
2046 1227 2143 1260 Lehn
2168 1227 2258 1259 Hist.
2283 1226 2317 1258 2.
2339 1227 2402 1259 Th.
2424 1238 2457 1270 p.
2479 1226 2560 1260 293.

598 1293 743 1343 [1825]
802 1295 900 1332 Aeta
941 1293 1101 1346 capituti
1140 1292 1336 1344 generalis
1377 1292 1525 1331 ordinis
1563 1291 1887 1330 Praedieatorum.
1945 1289 1964 1340 ὁ
2003 1288 2048 1329 3:
2093 1289 2234 1334 ‘'Item,
2279 1302 2366 1327 cum
2401 1303 2474 1342 pro
2509 1303 2577 1331 eo,

340 1364 444 1417 quod
477 1363 614 1402 divisae
643 1364 850 1416 provincire
879 1363 929 1402 ad
959 1363 1153 1414 generalia
1185 1363 1338 1411 studia,
1383 1366 1554 1415 excepto
1581 1362 1822 1407 parisiensi,
1865 1362 2025 1413 possint
2061 1363 2214 1398 tantum
2244 1373 2364 1398 unum
2403 1360 2559 1400 fratrem

337 1435 489 1473 mittere
517 1448 587 1485 pro
617 1433 822 1479 studente,
865 1436 904 1472 et
941 1433 1062 1472 multa
1096 1433 1341 1472 incommoda
1372 1437 1412 1472 et
1440 1432 1648 1485 dispendia
1686 1435 2003 1484 consequantur,
2045 1433 2129 1468 tum
2160 1431 2250 1482 quia
2279 1431 2473 1482 assignati
2501 1431 2561 1470 sic

339 1504 591 1542 communiter
621 1508 845 1556 opportuno
875 1507 1050 1555 tempore
1081 1517 1156 1542 non
1187 1507 1417 1550 occurrunt,
1459 1507 1544 1542 tum
1581 1503 1695 1542 etiam
1726 1503 1816 1554 quia
1849 1501 1980 1540 studia
2011 1504 2104 1539 sunt
2142 1501 2271 1553 posita
2308 1501 2344 1538 in
2375 1502 2560 1547 remotis,

338 1573 478 1612 fratres
508 1573 729 1612 accedendo
761 1573 810 1612 ad
842 1574 904 1612 illa
937 1578 1100 1625 gravant
1131 1588 1176 1613 se
1206 1575 1321 1627 ipsos
1351 1579 1390 1613 et
1414 1574 1638 1627 provincias
1666 1574 1701 1611 111
1733 1573 1942 1624 expensis,
1986 1570 2220 1609 inchoamus
2258 1570 2360 1609 hanc
2388 1571 2425 1609 in
2455 1573 2559 1624 capi-

338 1643 420 1681 tulo
464 1643 511 1681 de
548 1643 824 1690 studentibus,
867 1643 935 1682 ubi
979 1645 1135 1694 dicitur:
1195 1644 1394 1695 Quaelibet
1437 1647 1567 1683 autem
1604 1644 1824 1696 provincia,
1870 1642 2052 1694 exceptis
2082 1641 2310 1693 Hispaniae,
2355 1641 2558 1693 Ungariae,

340 1712 660 1760 Terrae-Sanctae,
690 1712 886 1759 Poloniae,
918 1714 1090 1761 DAmAE,
1129 1715 1288 1754 Graeciae
1318 1719 1356 1754 et
1386 1715 1578 1760 Bo’e‘miae‚
1623 1713 1808 1766 quaelibet
1835 1712 2035 1765 provincia
2066 1711 2290 1764 provideat,
2334 1718 2376 1750 ut
2404 1725 2559 1765 semper

337 1784 374 1821 in
406 1787 600 1822 conventu
629 1784 759 1837 aliquo
790 1784 932 1824 idoneo
963 1786 1014 1824 sit
1051 1786 1232 1837 generale
1262 1785 1460 1833 studium,
1505 1788 1543 1823 et
1579 1783 1628 1823 ad
1664 1783 1772 1822 illum
1811 1783 1941 1821 locum
1973 1781 2139 1835 quilibet
2166 1782 2270 1835 prior
2298 1782 2560 1834 provincialis,

339 1853 387 1891 de
424 1853 666 1892 definitorum
705 1855 863 1907 capituli
900 1856 1153 1908 provincialis
1192 1856 1253 1895 vel
1288 1856 1450 1908 majoris
1487 1855 1612 1908 partis
1634 1867 1784 1893 eorum
1820 1853 1986 1892 consilio
2017 1856 2056 1892 et
2086 1866 2278 1898 assensu,
2320 1856 2559 1905 potestatem

339 1921 483 1962 habeat
511 1924 684 1963 mittendi
716 1924 817 1964 duos
850 1925 989 1965 fratres
1019 1926 1186 1965 idoneos
1212 1926 1260 1965 ad
1292 1926 1492 1971 studium,
1536 1925 1655 1963 modo
1693 1924 1874 1963 videlicet
1910 1924 2008 1963 infra
2047 1924 2215 1975 script0,
2259 1926 2303 1961 ut
2332 1923 2481 1963 scilicet
2510 1924 2561 1963 ad

340 1993 472 2032 studia
500 1994 784 2045 provinciarum
813 1995 1062 2035 Lombardiae
1093 1996 1307 2042 inferioris,
1336 1996 1526 2035 Romanae
1554 1995 1785 2048 prox-incise,
1829 1994 1938 2045 regni
1968 1993 2133 2039 Siciliae,
2171 1992 2396 2040 Teutoniae,
2440 2007 2557 2047 supe·

340 2063 452 2101 rioris
482 2063 735 2110 Lombardiae·
753 2069 904 2104 tantum
935 2066 1038 2105 duos
1068 2067 1209 2106 fratres
1238 2069 1391 2106 mittere
1419 2067 1593 2119 possint·
1652 2064 1753 2118 Ipsae
1785 2066 1885 2103 enini
1914 2065 2123 2117 provinciae
2154 2064 2372 2109 nominatae,
2402 2067 2440 2102 et
2470 2078 2559 2103 cum

340 2133 387 2171 iis
417 2135 623 2184 provinciae
652 2137 857 2174 nominatae
888 2135 1093 2188 Ungariae,
1125 2137 1305 2182 Graeciae,
1343 2136 1518 2175 Poloniae
1549 2139 1587 2175 et
1616 2134 1783 2174 DAc1AE.
1857 2134 1921 2174 Ad
1951 2133 2085 2173 studia
2115 2137 2244 2172 autem
2274 2135 2561 2186 provinciarum

341 2201 548 2249 Tholosae‚
592 2205 763 2256 Angliae,
808 2206 1038 2258 Aragoniae,
1074 2208 1284 2259 provineiae
1322 2206 1539 2246 Provinciae
1577 2207 1731 2244 mittere
1769 2205 1928 2258 possint
1962 2204 2233 2242 tantummodo
2274 2204 2376 2243 duos
2407 2204 2559 2244 fratres.

340 2271 441 2325 Ipsae
469 2278 598 2314 autem
632 2277 838 2328 provinciae
877 2278 1107 2323 nominatae,
1152 2268 1190 2316 et
1227 2291 1315 2317 cum
1351 2278 1398 2316 iis
1435 2276 1645 2330 provinciae
1680 2275 1905 2329 Hispaniae,
1947 2274 2144 2320 Franciae,
2189 2273 2484 2315 Terrae-sanctae
2522 2280 2562 2314 et

339 2342 525 2383 Boemiae.
582 2344 777 2396 Quaelibet
805 2351 935 2386 autem
964 2347 1165 2400 provincia
1195 2347 1325 2386 divisa
1356 2349 1509 2386 mittere
1535 2347 1668 2399 possit
1699 2351 1868 2399 quatuor
1896 2345 2038 2384 fratres
2067 2345 2116 2384 ad
2147 2345 2323 2383 studium
2353 2345 2561 2398 provinciae

344 2414 591 2454 condivisae'’.
623 2438 670 2444 —-
701 2417 829 2469 Apud
854 2417 1347 2457 ‚Montem-Pessulmmm.

733 2489 888 2520 Martene
913 2490 946 2521 et
969 2487 1110 2520 Durand
1135 2487 1305 2521 Thesaur.
1331 2499 1406 2521 nov.
1431 2488 1597 2521 Aneedot.
1622 2489 1720 2520 Tom·
1745 2487 1808 2519 IV.
1832 2485 1932 2518 1961.

1375 2603 1523 2653 1317.

606 2697 750 2749 [1827]
806 2699 924 2752 Kong
958 2699 1095 2740 Ε111115
1131 2700 1258 2747 Brev,
1310 2701 1486 2742 hvorved
1530 2702 1606 2741 han
1644 2700 1812 2740 sorlener
1847 2699 1915 2738 Hr.
1945 2697 2095 2737 Henrik
2133 2699 2183 2738 af
2206 2700 2470 2754 Meklenborg
2507 2715 2561 2755 og

350 2764 534 2816 Stargard
565 2779 615 2817 og
645 2767 744 2807 113115
773 2774 871 2809 rette
900 2771 1094 2822 Arvinger
1122 2773 1210 2810 med
1242 2771 1308 2811 det
1335 2772 1521 2812 Herskab
1557 2772 1601 2810 til
1629 2770 1789 2810 Rostok
1825 2783 1876 2822 og
1905 2769 2008 2808 hvad
2036 2768 2203 2821 Kongen
2243 2772 2360 2812 essers
2397 2772 2521 2812 besad
2550 2775 2562 2812 i

351 2834 529 2880 Slavien,
571 2837 766 2886 undtagen
812 2839 956 2879 Siottet
998 2841 1040 2879 til
1081 2841 1383 2888 XVerneminde,
1424 2841 1689 2894 Danskborg,
1741 2854 1792 2892 og
1835 2840 1924 2879 dets
1968 2839 2228 2891 Tilliggende.
2273 2864 2321 2870 -
2366 2843 2560 2898 Nyborq,

353 2904 519 2943 erastino
549 2905 763 2958 epiphaniae
794 2907 951 2948 domini.
2222 2910 2559 2967 (Oversaettelse).

741 2977 909 3010 Hvitfeldt
931 2981 1053 3013 Danm.
1087 2980 1194 3022 Rigcs
1218 2983 1324 3015 Krfin.
1360 2993 1392 3026 p.
1415 2982 1495 3015 393.
1529 2982 1604 3026 (ed.
1636 2981 1670 3014 in
1694 2981 1727 3013 4.
1753 2983 1792 3014 Τ.
1817 2980 1879 3013 ΙΠ.
1913 2991 1944 3023 p.
1971 2979 2083 3023 2360.
2142 2982 2212 3014 Paa
2236 2983 2338 3016 Latin
2364 2987 2500 3016 ovet-sat
2524 2984 2564 3017 af

740 3038 898 3081 Pontan.‚
923 3042 1022 3073 Rerr.
1047 3043 1158 3075 Dann.
1184 3043 1317 3076 Histor.
1342 3045 1438 3077 Libr.
1462 3045 1543 3078 vll.
1568 3055 1599 3087 p.
1625 3043 1704 3075 419.
1752 3043 1822 3074 Paa
1843 3043 1964 3085 Tydsk
1987 3046 2127 3075 oversat
2151 3042 2161 3074 i
2189 3046 2357 3079 Rostock.
2381 3045 2561 3079 wochentl.

742 3099 937 3132 Nadnricht.
977 3102 1074 3136 1753.
1112 3114 1143 3146 p.
1184 3104 1259 3136 107.
1295 3123 1341 3129 -
1377 3106 1461 3148 (Det
1492 3117 1530 3139 ei·
1565 3107 1634 3139 kun
1672 3104 1880 3137 Pontanus’s
1913 3103 2065 3137 latinske
2090 3105 2353 3149 Oversaettelse,
2391 3107 2476 3140 ikke
2506 3107 2562 3140 det

745 3160 907 3199 originale
930 3165 1019 3196 Brev
1042 3174 1104 3206 paa
1127 3165 1229 3198 Latin
1264 3185 1310 3191 —
1339 3178 1413 3200 som
1439 3168 1545 3201 Suhm
1576 3167 1724 3201 beretter
1754 3185 1801 3191 —-
1836 3167 1896 3199 der
1932 3166 2039 3199 findes
2064 3166 2075 3199 i
2099 3168 2238 3201 Franks
2263 3168 2344 3202 Alte
2377 3169 2445 3202 und
2468 3171 2562 3203 Neue

745 3221 968 3266 Meklenburg
990 3225 1090 3257 Yltcs
1116 3227 1210 3260 Buch
1235 3231 1272 3261 S.
1301 3228 1466 3272 12—13].
