2649 3686
165 321 283 363 1325.

115 393 165 425 15.
191 392 330 426 Octobr.

172 663 289 704 1326.

145 749 176 780 4.
212 749 311 781 Febr.

123 1022 176 1053 30.
203 1020 331 1054 Martii.

142 1487 172 1517 3.
206 1484 303 1525 Maji.

142 2241 174 2273 3.
210 2240 303 2284 Maji,

158 2989 188 3019 7.
213 2987 314 3021 Junii.

352 149 449 199 238
529 186 533 189 -
703 149 857 196 Koxe·
892 147 1232 197 Cnssls'rOFFER
1267 157 1364 189 DE}v
1397 137 1599 186 Ammx.
1673 137 1996 203 (JVALDEMAR
2030 136 2304 200 mesnxy

611 321 767 370 [1980]
823 320 964 359 Literae
995 328 1189 357 cAPi’rum
1219 314 1497 357 Anusmxsxs,
1527 309 1674 362 quibus
1705 308 1852 360 singuli
1884 308 2057 347 canonici
2084 308 2262 361 ejusdem
2286 322 2332 347 se
2358 309 2407 348 ad
2431 311 2560 352 varios

354 390 508 431 abusus
536 391 750 435 tollendos,
788 391 823 428 si
854 402 924 427 eos
953 389 990 426 in
1021 388 1233 439 episcopos
1263 381 1323 419 vel
1353 379 1538 433 praelatos
1568 379 1658 430 eligi
1690 378 1917 430 contigerit,
1947 377 2134 430 ohligant.
2160 400 2214 406 —
2242 380 2429 427 Arusizw,
2457 382 2560 431 (sie.)

356 464 395 502 in
426 463 594 501 crastino
624 460 661 500 b.
691 459 837 499 Kalixti
866 471 976 510 papae
1007 460 1045 495 et
1073 453 1266 504 martyriS.

747 527 936 570 Langebek
962 524 1100 568 Seriptt.
1125 524 1185 555 VI.
1210 519 1404 552 501—502.

1382 633 1529 684 1326.

617 741 760 794 [1981]
818 741 1035 780 JOHANNIS
1066 733 1242 786 episcopi
1273 732 1554 771 Slesvvicensis
1584 731 1717 778 literae,
1750 729 1894 784 quibus
1918 730 2103 777 declarat,
2133 744 2178 770 se
2202 730 2411 771 Henricum
2437 746 2561 774 sacer-

355 814 483 854 dotem
513 826 599 852 cum
630 811 794 852 ecclesia
825 809 862 847 b.
891 807 1021 846 Mariae
1054 804 1215 854 virginis
1245 803 1280 840 in
1312 801 1471 854 Kaleby
1502 804 1597 855 “per
1627 802 1812 841 annulum
1841 801 1983 840 suum’'
2012 802 2280 849 investivisse.
2317 825 2371 831 —
2409 802 2562 845 Suave-

355 884 493 932 stam,
525 884 560 921 in
589 882 763 935 profesto
794 878 914 916 beatae
943 873 1108 925 Agathae
1138 873 1312 924 virginis.

742 946 970 990 XVestphalen
993 947 1142 976 Monum.
1169 942 1256 974 ined.
1282 943 1344 975 III.
1369 942 1449 975 363.
1475 942 1539 975 cfr.
1564 941 1644 974 ibid.
1669 943 1731 975 IV.
1757 941 1861 974 3182.
1887 951 1941 974 no.
1971 940 2024 973 12.

613 1010 765 1059 [1982]
823 1009 1088 1047 Womfflmim
1127 1005 1240 1044 ducis
1277 1004 1391 1043 Jutiae
1439 1004 1578 1050 literae,
1623 1004 1769 1057 quibus
1809 1004 1994 1043 auxilium
2030 1001 2244 1042 Laurentio
2282 1002 2483 1043 Jonesson
2526 1008 2565 1045 et

355 1083 559 1123 Ludovico
595 1080 851 1123 Albretsson,
902 1076 1026 1115 donec
1065 1075 1113 1114 de
1152 1079 1244 1127 rege
1281 1073 1414 1114 Daciae
1451 1075 1775 1126 compositionem
1817 1075 1973 1127 plenam
2017 1077 2056 1112 et
2099 1087 2238 1112 sonam
2281 1077 2565 1126 competentem

356 1152 570 1197 habuerint,
599 1149 798 1203 promittit,
828 1148 963 1199 eisque
993 1146 1172 1198 assignat
1199 1145 1436 1184 munitiones
1468 1144 1685 1184 Tranekier
1714 1148 1754 1184 et
1782 1142 2018 1184 Hadersleff.
2047 1165 2101 1171 —-
2131 1142 2399 1196 Sb'nderborq
2427 1144 2564 1194 Alsioe,

356 1223 547 1262 dominica
578 1216 959 1272 Quasimodogeniti.

739 1290 782 1321 A.
808 1287 975 1319 Hvitfeldt
998 1288 1120 1319 Danm.
1146 1285 1253 1328 Riges
1269 1285 1427 1318 Kronike
1450 1295 1484 1328 p.
1509 1285 1588 1317 430.
1618 1283 1690 1328 (ed.
1716 1283 1749 1317 in
1774 1283 1808 1317 4.
1834 1285 1872 1316 Τ.
1897 1284 1959 1316 ΙΠ.
1984 1294 2016 1327 p.
2041 1283 2141 1327 326).
2187 1286 2333 1317 Pontan.
2350 1285 2431 1317 Rer.
2454 1284 2564 1318 Dani·
2632 1305 2637 1307 >

741 1360 812 1382 car.
845 1349 937 1382 Hist.
962 1348 1058 1381 Libr.
1083 1349 1162 1381 VII.
1195 1359 1230 1391 p.
1260 1347 1432 1380 439—40.
1492 1347 1579 1379 Dan.
1612 1347 1753 1390 interpr.
1787 1357 1840 1390 ap.
1872 1345 2058 1395 Ilvitfeldt.
2091 1346 2115 1379 l.
2136 1356 2169 1398 ὀ.
2195 1357 2227 1389 p.
2260 1345 2431 1379 430—31.
2457 1349 2491 1380 et
2512 1356 2565 1391 ap.

742 1412 866 1454 Suhm,
893 1411 983 1443 Hist.
1017 1411 1059 1443 af
1079 1411 1226 1442 Danmk.
1251 1411 1331 1443 XII.
1360 1409 1528 1442 115—17.

612 1472 767 1521 [1983]
825 1472 1006 1519 Foedus,
1036 1473 1172 1511 initum
1202 1472 1301 1511 inter
1331 1471 1706 1510 Cnmsropnoimm
1738 1473 1777 1509 et
1803 1468 1990 1515 Emeum,
2019 1468 2224 1508 Danorum
2254 1469 2567 1524 Sclavorumque

349 1558 484 1597 reges,
527 1547 565 1583 et
594 1543 716 1583 duces
744 1542 920 1582 Estoniae
950 1558 997 1582 ex
1032 1556 1109 1582 una
1147 1546 1277 1595 parte,
1322 1545 1361 1580 et
1399 1541 1580 1580 dominos
1617 1540 1844 1579 aniucmr
1880 1539 2288 1586 MAGxoromssnm,
2329 1540 2567 1580 JOHANNBM

350 1619 389 1655 et
420 1613 666 1653 domicellum
695 1613 980 1660 Hrimtxixun,
1011 1613 1193 1652 dominos
1224 1612 1273 1651 de
1302 1611 1457 1650 Waerlae
1488 1625 1534 1649 ex
1563 1610 1703 1656 altera,
1746 1611 1782 1649 in
1821 1624 1899 1663 quo
1930 1610 2129 1662 principes
2167 1609 2330 1661 regibus
2365 1611 2567 1650 servitium

350 1687 583 1739 promittunt
612 1697 700 1722 cum
731 1684 908 1722 ducentis
939 1684 1054 1730 viris,
1091 1684 1210 1722 armis
1240 1686 1280 1722 et
1309 1681 1517 1720 dextrariis
1548 1681 1788 1720 sufficienter
1816 1680 2038 1726 instructis,
2084 1683 2218 1719 contra
2247 1679 2566 1730 Wartiszlavum,

351 1757 489 1795 ducem
518 1755 661 1793 Slaviae
691 1757 731 1793 et
757 1752 985 1800 Cassuhiae,
1015 1757 1081 1792 “et
1109 1766 1370 1806 quoscunque
1399 1753 1577 1790 viventes
1607 1754 1746 1789 terram
1777 1754 1815 1789 et
1842 1751 2103 1804 principatum
2127 1750 2284 1789 dominii
2309 1750 2566 1802 Ruyanorum

351 1826 427 1866 sibi
456 1824 748 1870 vindicantes'’;
787 1838 857 1877 pro
889 1837 966 1876 quo
997 1824 1156 1862 servitio
1186 1836 1302 1874 reges
1330 1820 1579 1874 principibus
1609 1820 1744 1859 decern
1774 1821 1891 1860 millia
1920 1834 2136 1859 marcarum
2166 1821 2251 1873 puri
2281 1821 2442 1871 argenti,
2471 1835 2566 1874 pon·
2619 1862 2623 1871 ‚

354 1896 458 1935 deris
490 1894 758 1940 Coloniensis,
789 1895 881 1933 dare
910 1894 1157 1946 promittunt,
1188 1894 1317 1945 iisque
1345 1896 1532 1945 praeterea
1563 1895 1704 1929 terram
1735 1895 1773 1929 et
1801 1891 1954 1943 sylvam
1985 1891 2106 1930 Dartz
2136 1905 2224 1929 cum
2254 1895 2383 1933 castro
2407 1891 2566 1931 Hertes-

351 1965 477 2017 burgh
516 1966 553 2003 in
591 1965 746 2004 feodum
783 1964 1014 2004 concedunt.
1057 1985 1110 1991 —
1154 1961 1376 2017 Nylsbpz'nq
1411 1962 1631 2008 Falstrice,
1675 1963 1712 2000 in
1751 1960 1918 2000 sabbato
1954 1962 2131 2015 proximo
2167 1965 2262 2014 post
2299 1961 2401 2000 diem
2430 1975 2565 2002 ascen·

352 2037 479 2075 sionis
511 2035 666 2074 domini.

741 2104 847 2138 Lisch
871 2102 1228 2136 Urkunden-Samml.
1263 2113 1324 2135 zur
1350 2102 1477 2136 Gesch.
1504 2103 1564 2136 des
1592 2102 1731 2136 Gesclil.
1762 2113 1792 2135 v.
1817 2101 1995 2135 Maltzahn
2019 2103 2046 2135 I.
2079 2102 2275 2135 401—-106.
2335 2101 2434 2146 (Cfr.
2460 2102 2565 2137 Suhm
2599 2135 2603 2143 ,

745 2165 835 2198 Hist.
864 2166 905 2198 af
924 2165 1072 2198 Danmk.
1096 2166 1175 2198 XII.
1205 2164 1317 2208 1140.

612 2228 768 2276 [1984]
825 2227 1009 2274 Foedus,
1039 2228 1177 2274 initum
1207 2229 1307 2266 inter
1337 2227 1705 2266 Cnmsropnonvm
1737 2230 1775 2266 et
1804 2225 1996 2272 Emeum,
2025 2224 2232 2264 Danorum
2255 2226 2567 2281 Sclavorumque

354 2311 468 2349 reges
498 2300 538 2336 et
568 2297 690 2337 duces
719 2297 914 2344 Estoniae,
959 2302 998 2336 et
1028 2297 1271 2343 ΟΤΤοΝΕπ,
1316 2297 1436 2336 filium
1468 2296 1744 2349 Christophnri
1774 2298 1899 2348 regis,
1944 2310 1990 2335 ex
2019 2310 2096 2335 una
2132 2299 2264 2348 parte,
2309 2300 2348 2336 et
2386 2297 2566 2337 dominos

353 2367 604 2414 Hrtxmcmr,
634 2367 1000 2420 Magnopolensem,
1033 2367 1266 2418 Stargardiae
1297 2371 1335 2405 et
1365 2368 1401 2405 in
1432 2366 1637 2406 Rothstok
1667 2367 1884 2413 dominum,
1915 2371 1954 2406 et
1982 2365 2218 2405 JoHAxxmr
2248 2370 2287 2405 et
2315 2366 2567 2414 JOHANNEM‚
2630 2396 2641 2409 ,

355 2438 534 2477 dominos
564 2438 611 2476 de
639 2438 793 2483 Werle,
825 2452 871 2476 ex
901 2438 1043 2484 altera,
1082 2450 1161 2489 quo
1192 2436 1231 2474 hi
1263 2437 1421 2489 regibus
1452 2452 1539 2476 cum
1569 2438 1649 2477 600
1676 2436 1901 2476 hominibus
1930 2436 2030 2475 bene
2059 2436 2217 2475 armatis
2248 2441 2379 2476 contra
2409 2437 2567 2477 Walde-

355 2521 520 2554 marum,
551 2508 689 2548 ducem
718 2508 1010 2560 Synderjuciae,
1042 2506 1259 2546 Gerardum
1290 2512 1328 2546 et
1356 2507 1597 2553 Johannem,
1628 2509 1794 2546 comites
1823 2507 2049 2551 Holtzaciae,
2081 2505 2220 2545 Danos
2243 2511 2281 2546 et
2305 2507 2406 2546 alios
2430 2521 2566 2559 regum

357 2577 603 2617 adversarios
642 2580 679 2617 in
710 2578 833 2617 Dacia
872 2578 1072 2617 servitium
1107 2577 1233 2616 facere
1271 2577 1525 2629 pollicentur,
1569 2591 1639 2630 pro
1678 2591 1756 2630 quo
1793 2578 1953 2617 servitio
1991 2590 2107 2628 reges
2146 2577 2196 2615 iis
2226 2577 2308 2629 jam
2346 2579 2418 2616 tria
2449 2578 2566 2618 millia

356 2660 570 2686 marcarum
600 2649 760 2700 argenti,
789 2649 974 2701 ponderis
1004 2647 1269 2694 Coloniensis,
1301 2647 1511 2695 solverant,
1542 2651 1580 2686 et
1610 2647 1709 2686 XIV
1738 2647 1857 2686 millia
1885 2646 2038 2685 solvere
2066 2647 2315 2699 promittunt,
2347 2648 2463 2687 terris
2492 2648 2566 2688 La-

358 2715 515 2764 landiae,
558 2717 734 2757 Falstriae
778 2723 815 2756 et
858 2717 1047 2764 Meoniae,
1090 2717 1216 2756 donec
1259 2719 1523 2764 solverentur,
1574 2719 1621 2757 iis
1665 2717 1949 2771 oppignoratis.
1991 2738 2046 2745 ——
2085 2715 2308 2771 Nylcbpinq
2351 2718 2565 2765 Fal-snm,

360 2784 524 2824 sabbato
553 2789 727 2839 proximo
756 2792 849 2839 post
879 2788 980 2826 diem
1011 2788 1258 2827 ascensionis
1288 2788 1445 2826 domini.
2555 2776 2562 2781 ’

747 2857 851 2889 Lisch
877 2858 1230 2890 Urkunden—Samml.
1255 2869 1316 2890 zur
1343 2858 1468 2891 Gesch.
1495 2858 1554 2891 des
1582 2858 1719 2891 Geschl.
1744 2868 1811 2890 von
1835 2855 2010 2889 Maltzahn
2035 2856 2062 2888 Ι.
2087 2856 2281 2890 406-412.
2337 2857 2435 2901 (crr.
2460 2858 2566 2892 Suhm

751 2918 840 2950 Hist.
867 2920 907 2950 af
927 2920 1073 2952 Danmk.
1099 2921 1179 2952 XII.
1208 2919 1318 2961 1150.

623 2978 774 3026 [1985]
833 2980 1068 3032 Capitulatio
1098 2981 1372 3020 IVAanmm
1403 2981 1606 3021 Danorum
1637 2980 1952 3032 Sclavorumque
1981 2980 2099 3030 regis.
2158 2979 2256 3020 Cum
2285 2995 2377 3034 rege
2405 2981 2564 3021 walde-

366 3057 469 3082 maro
501 3044 725 3085 Gherardus
764 3061 895 3087 comes
925 3049 1113 3088 Holsatiae
1143 3055 1182 3089 et
1212 3051 1436 3090 Stormariae
1466 3066 1513 3091 se
1543 3050 1771 3101 obstringit,
1808 3053 1851 3088 ut
1880 3050 2077 3101 promissa
2108 3050 2265 3090 firmiter
2295 3051 2563 3091 observentur.

365 3136 416 3143 -—
454 3113 674 3166 ll’z'beryis,
705 3115 868 3155 sabbato
898 3121 1074 3170 proximo
1106 3125 1195 3159 ante
1225 3121 1323 3160 diem
1356 3126 1578 3161 sanctorum
1607 3125 1820 3172 martyrum
1853 3118 1970 3157 Primi
2001 3123 2038 3158 et
2068 3120 2268 3160 Feliciani.

755 3186 888 3219 Ancher
911 3189 1131 3222 Lovhistorie
1154 3191 1199 3222 II.
1225 3191 1395 3224 551-56.
1444 3190 1535 3234 Epit.
1559 3201 1613 3233 ap.
1638 3188 1874 3231 Lagerbring‚
1901 3190 1990 3221 Svea
2014 3189 2122 3222 Rikes
2149 3191 2238 3223 nist.
2263 3192 2325 3224 ΠΙ.
2350 3191 2430 3224 258.
2477 3192 2563 3224 Dan.

753 3245 890 3290 interpr.
915 3260 967 3292 ap.
993 3251 1120 3294 subm,
1146 3251 1237 3285 Hist.
1264 3253 1304 3286 af
1324 3253 1469 3286 Danmk.
1494 3253 1574 3286 XII.
1603 3251 1769 3285 118-24.
1795 3253 1828 3284 et
1852 3259 1905 3293 ap.
1931 3250 2066 3294 Baden,
2092 3252 2213 3285 Danm.
2237 3252 2325 3285 nist.
2345 3253 2373 3286 I.
2394 3252 2563 3287 485—90.
