2649 3686
167 339 284 381 1305.

115 410 172 442 22.
197 408 330 452 septbr.

106 677 160 708 24.
199 674 335 708 Octobr.

143 887 175 918 5.
201 884 321 918 Deobr.

134 1239 184 1271 10.
215 1235 335 1269 Decbr.

142 1644 191 1675 17.
216 1640 336 1675 Decbr.

136 1922 186 1953 18.
222 1920 340 1954 Decbr.

68 2191 71 2194 Α
135 2215 187 2247 28.
224 2215 342 2248 Dccbr.

194 2955 308 2995 1306.

156 3040 189 3072 6.
217 3040 345 3072 Martii.

352 166 452 216 200
906 146 912 152 ”
1167 158 1321 206 Koxe
1355 154 1487 202 Ean<
1521 152 1759 200 MENVED.

354 237 2569 262 Ν

618 335 772 386 [1639.]
829 334 947 374 Emer
982 332 1182 372 Danorum
1223 327 1329 378 regis
1363 325 1506 370 literae,
1552 321 1695 375 quibus
1731 322 1910 361 ecclcsiae
1947 320 2155 360 Lundensi
2192 324 2346 359 “terras
2373 320 2450 359 LX
2475 335 2569 361 mar·

360 423 492 449 carum
523 407 768 446 denariorum
799 403 1016 443 Scanensis
1044 403 1209 440 monetae
1239 398 1276 435 in
1305 396 1446 434 annuis
1475 392 1668 432 reditibus
1698 392 1899 430 annuatim
1928 390 2133 429 valentes’'
2163 390 2303 437 donat,
2346 389 2397 429 ad
2431 405 2569 432 novam

358 460 605 531 praebendam
636 474 892 520 fundandam,
922 472 1037 523 cujus
1067 469 1314 508 collationem
1346 463 1424 503 sibi
1449 466 1489 502 et
1511 460 1819 501 successoribus
1845 463 2035 500 reservat.
2060 481 2110 488 -—-
2134 459 2311 507 Laudis,
2341 461 2380 499 in
2403 462 2571 502 crastino

359 547 528 587 Matthei
558 545 729 598 apostoli
759 547 798 582 et
826 541 1088 592 evangelistae.

748 612 922 652 Liljegren
946 609 1167 652 Diplomatar.
1193 608 1332 638 Svecan.
1358 603 1403 635 ΙΙ.
1428 611 1484 633 no.
1512 600 1611 633 1482.
1631 612 1668 644 .p.
1694 601 1774 634 458.

623 673 769 725 [1640]
827 671 968 710 lsARM
999 666 1286 720 archiepiscopi
1314 663 1545 702 Lundensis
1571 662 1706 710 literae,
1738 662 1882 716 quibus
1910 661 2126 714 Hulmgero
2157 662 2345 704 canonico
2373 660 2575 702 Lundensi

360 747 550 800 permittit
579 744 787 784 ecclesiam
816 737 1063 790 Katathorph
1095 750 1182 776 cum
1212 733 1419 787 praebenda
1458 746 1532 791 sua
1569 734 1824 786 conjungere.
1855 755 1904 760 —
1940 732 2118 779 Lundz's,
2162 730 2234 770 IX.
2264 731 2337 770 cal.
2366 730 2574 772 Novembr.

749 811 920 851 Liljegren
945 808 1168 850 Diplomatar.
1195 808 1340 837 Svecan.
1368 804 1411 836 ΙΙ.
1436 813 1491 835 n0.
1520 798 1618 834 1484.
1647 814 1680 846 p.
1705 802 1878 835 459—60.

627 873 770 924 [1641]
827 871 989 916 Litcrae,
1020 868 1163 921 quibus
1191 865 1353 905 Eamus
1383 878 1451 903 rex
1481 868 1668 911 testatur,
1707 863 1891 912 Ericum,
1935 864 2055 902 filium
2085 863 2230 902 domini
2256 861 2411 902 Nicolai
2439 861 2575 910 Biker,

361 946 667 998 recognovisse,
697 956 741 981 se
771 955 793 979 a
821 939 1013 979 Brothero
1044 938 1230 983 diacono,
1259 936 1450 974 canonico
1479 934 1762 981 Roskildensi‚
1805 948 1876 987 pro
1906 934 2141 987 quibusdam
2169 933 2283 974 bonis
2314 933 2352 971 in
2381 932 2576 994 Bokistat-

362 1017 467 1056 holm
497 1015 586 1053 sitis
615 1014 802 1063 integrum
833 1010 999 1062 pretium
1029 1008 1259 1059 accepisse,
1299 1018 1465 1056 eamque
1490 1003 1539 1043 ob
1569 1018 1731 1044 causam
1758 1018 1847 1044 eum
1878 1003 1927 1043 ab
1957 1005 2202 1057 impetitione
2233 1016 2306 1043 sua
2335 1002 2498 1042 liberum
2524 1002 2577 1042 di-

363 1088 528 1125 mittere.
559 1103 607 1110 --
645 1081 847 1126 Othonise,
878 1079 913 1116 in
943 1076 1119 1130 profesto
1150 1075 1188 1115 b.
1217 1075 1372 1115 Nicolai
1402 1076 1528 1127 episc.
1555 1078 1596 1114 et
1624 1075 1800 1114 consess.
2157 1076 2160 1077 ⁷

752 1147 938 1189 Langebek
963 1145 1103 1189 scriptt.
1128 1147 1191 1179 VI.
1217 1144 1298 1179 489.

620 1222 775 1270 [1642]
833 1220 1015 1273 Diplom,
1059 1219 1223 1258 udstedt
1252 1219 1296 1257 as
1318 1219 1488 1258 JORUNB
1518 1218 1771 1272 Erkebiskop
1801 1219 1812 1257 i
1840 1217 2016 1257 Nidaros
2045 1230 2094 1269 og
2135 1217 2183 1257 15
2213 1217 2354 1265 andre,
2397 1218 2577 1271 geistlige

365 1309 415 1347 og
456 1293 649 1344 verdslige
692 1291 841 1338 Maend,
885 1290 994 1329 hvori
1038 1289 1086 1328 de
1127 1289 1314 1337 bevidne,
1359 1294 1400 1329 at
1435 1290 1553 1342 Kong
1590 1289 1732 1328 Hakon
1767 1289 1838 1328 har
1873 1289 2053 1328 erklaeret
2091 1291 2132 1326 at
2167 1288 2269 1327 have
2306 1288 2507 1341 modtaget
2540 1289 2582 1328 af

364 1365 433 1404 Hr.
468 1362 633 1401 Wisleif
662 1361 863 1413 Dronning
898 1359 1142 1412 Euphemias
1178 1359 1368 1411 Medgist,
1420 1359 1528 1399 3000
1555 1359 1671 1398 Mark
1701 1359 1870 1406 Ciilnsk,
1919 1358 2063 1397 hvoraf
2086 1357 2238 1410 Hertug
2268 1359 2478 1398 Valdemar
2507 1359 2579 1407 (for

363 1433 522 1473 Sonden
552 1433 630 1482 Aa)
663 1432 673 1469 i
698 1431 854 1483 Jylland
878 1429 1006 1471 havde
1029 1429 1147 1481 iffilge
1170 1429 1364 1481 Kongens
1386 1430 1570 1482 Besaling
1593 1429 1798 1481 modtaget
1820 1427 1926 1468 2000
1951 1428 2084 1475 Mark,
2115 1442 2202 1467 som
2225 1428 2427 1481 Hertugen
2455 1429 2580 1468 havde

362 1504 467 1543 laant
484 1503 587 1543 Grev
605 1501 727 1543 Jacob
744 1499 981 1540 afHalland.
999 1521 1047 1527 —-
1070 1500 1249 1552 Ber-qen,
1272 1500 1475 1552 Fredagen
1501 1500 1600 1539 efter
1620 1499 1772 1538 Nicolai
1787 1499 1888 1551 Dag.
2056 1498 2206 1546 (Norsk
2220 1499 2312 1538 med
2326 1499 2392 1538 lat.
2411 1499 2579 1548 Overs.).

753 1569 940 1603 Thorkelin
964 1570 1135 1602 Analecta
1160 1581 1191 1612 p.
1218 1570 1367 1603 72-75.
1417 1571 1491 1604 cfr.
1517 1571 1622 1603 Suhm
1649 1570 1739 1602 Hist.
1764 1570 1804 1602 af
1825 1569 1974 1602 Danmk.
1999 1570 2061 1602 XI.
2087 1568 2167 1602 506.

627 1633 781 1682 [1643]
839 1632 984 1671 ISARNl
1019 1631 1310 1686 archiepiscopi
1346 1632 1576 1671 Lundensis
1611 1632 1755 1678 literae,
1808 1631 1953 1684 quibus
1984 1644 2083 1682 mag.
2120 1630 2392 1678 Petro,-dict0
2430 1631 2580 1678 Herba,

367 1704 552 1743 canonico
582 1703 788 1742 Lundensi
817 1702 1008 1756 permittit
1036 1702 1251 1741 ecclesiam
1281 1703 1319 1742 in
1349 1702 1576 1755 Saxilthorp
1605 1716 1694 1741 cum
1724 1701 1935 1754 praebenda
1960 1714 2032 1740 sua
2058 1702 2309 1754 conjungere.
2335 1723 2385 1729 —
2408 1702 2582 1750 Laudis,

367 1773 477 1813 XVI.
507 1774 656 1813 calend.
686 1773 844 1813 Januar,

757 1842 936 1885 Liljegren
961 1842 1184 1886 Diplomatar.
1211 1844 1353 1875 Sveeau.
1379 1843 1424 1875 ΙΙ.
1450 1853 1504 1875 no.¹
1534 1841 1633 1874 1490.
1659 1853 1690 1885 p.
1716 1841 1889 1875 462—63.

627 1916 770 1968 [1644]
828 1916 973 1956 Issum
1003 1916 1294 1969 archiepiscopi
1324 1915 1552 1955 Lundensis
1581 1915 1723 1962 literae,
1760 1914 1906 1968 quibus
1937 1914 2130 1965 Th(0mae)
2161 1916 2347 1956 canonico
2376 1916 2583 1957 Lundensi

367 1987 556 2039 permittit
584 1988 791 2026 ecclesiam
823 1988 858 2026 in
891 1986 1116 2038 Graeffiighe
1146 1986 1348 2025 dioecesis
1378 1985 1608 2025 Lundensis
1637 1999 1726 2024 cum
1755 1985 1966 2038 praebenda
1995 1999 2069 2025 sua
2097 1987 2348 2040 conjungere.
2385 2009 2438 2015 —
2474 1987 2581 2028 Lun-

368 2058 452 2105 de's,
482 2056 571 2096 XV.
602 2057 749 2096 calend.
779 2058 939 2096 Januar.
2424 2052 2438 2068 ‘

758 2128 933 2169 LiIJegren
957 2127 1181 2170 Diplomatar.
1207 2129 1349 2159 Svecan.
1374 2127 1418 2159 11.
1443 2136 1498 2158 no.
1531 2125 1628 2158 1491.
1654 2137 1685 2169 p.
1711 2125 1791 2159 463.

630 2200 774 2251 [1645]
831 2200 983 2267 Elium)
1012 2202 1118 2253 regis
1149 2201 1292 2246 literae,
1325 2199 1469 2252 quibus
1498 2199 1654 2237 villanis
1686 2201 1724 2238 in
1755 2198 2001 2252 Svineburgh
2032 2199 2226 2252 indulget,
2256 2200 2389 2253 “quod
2412 2201 2448 2240 in
2473 2201 2583 2253 sylva

369 2273 502 2308 nostra
532 2269 688 2323 Thoriip
719 2270 878 2319 (Thorb'
909 2272 1063 2322 insula)
1094 2266 1299 2317 ammodo,
1344 2272 1448 2308 sicut
1483 2269 1701 2317 hactenus,
1743 2270 1848 2322 ligna
1877 2269 2101 2308 cremabilia
2131 2270 2250 2310 libere
2289 2271 2493 2310 succidere
2522 2284 2583 2310 va·
2639 2274 2643 2289 ’“

368 2340 473 2378 leant
502 2344 542 2379 et
569 2355 640 2392 pro
672 2341 758 2380 suis
788 2341 930 2380 usibus
961 2341 1159 2386 ordinare,
1191 2340 1315 2379 donec
1343 2340 1394 2378 ad
1423 2340 1553 2378 villam
1584 2338 1761 2393 ipsorum
1792 2341 1922 2380 venire
1950 2339 2212 2393 personaliter
2246 2354 2321 2379 nos
2351 2342 2583 2394 contingaf'.

369 2432 421 2437 —
450 2411 612 2457 Amnes,
640 2411 676 2449 iu
707 2411 769 2450 die
798 2411 948 2450 beator.
980 2412 1258 2451 innocentium.

760 2482 982 2525 Aktstykker
1007 2485 1070 2514 etc.
1097 2481 1174 2522 udg.
1202 2481 1241 2513 af
1260 2482 1378 2524 Fyens
1404 2480 1456 2512 lit.
1482 2480 1599 2513 Selsk.
1624 2491 1655 2523 p.
1681 2480 1738 2513 8⁷.

631 2554 786 2603 [1646]
843 2554 978 2594 Parni
1007 2555 1153 2606 prioris
1182 2554 1438 2605 provincialis
1470 2553 1625 2600 ordinis
1644 2552 1949 2592 praedicatorum
1976 2553 2011 2591 in
2038 2554 2235 2606 provincia
2257 2554 2403 2600 Dacioe,
2432 2552 2584 2592 Nicolai

372 2622 514 2674 prioris
550 2623 853 2675 Skeningensis,
897 2624 1056 2664 Israelis
1085 2625 1227 2676 prioris
1258 2624 1530 2670 Sictunensis,
1573 2623 1740 2662 Boionis
1770 2623 1929 2662 lectoris
1958 2623 2173 2675 Ripensis,
2210 2624 2389 2663 &Verneri
2425 2624 2591 2663 lectoris·

373 2690 623 2740 Lundensis,
654 2694 903 2733 diffinitorum
934 2694 1093 2746 capituli
1123 2692 1389 2746 provincialis*
1408 2694 1646 2745 Skeningiae,
1677 2694 1891 2740 sententia,
1922 2706 1996 2745 qua
2025 2693 2297 2741 determinant,
2329 2694 2434 2748 quod
2463 2693 2585 2733 Siala-

376 2759 494 2800 bober
524 2766 561 2799 et
592 2767 670 2801 tota
694 2764 882 2815 parochia
904 2764 1251 2803 Stockholmensis
1277 2765 1442 2802 attineat
1464 2764 1650 2802 fratribus
1668 2762 1988 2802 Sietoniensihus
2014 2763 2129 2816 pleno
2148 2765 2251 2817 jure.
2268 2788 2320 2794 —
2339 2764 2582 2817 Skeninqioe.

765 2833 942 2875 Liljegren
966 2834 1191 2877 Diplomatar.
1219 2836 1359 2866 svecan.
1385 2835 1428 2866 ΙΙ.
1454 2844 1509 2866 no.
1538 2833 1637 2866 1478.
1663 2844 1693 2876 p.
1719 2832 1798 2866 456.

1403 2915 1548 2998 1306.

640 3042 792 3090 [lo-17]
849 3043 990 3084 Literoe
1021 3045 1232 3085 Jonaxms
1263 3046 1501 3086 Arusiensis
1530 3045 1730 3099 episcopi,
1774 3043 1918 3097 quibus
1942 3043 2080 3097 jubet,
2122 3050 2166 3085 ut
2195 3046 2326 3086 clerici
2357 3045 2584 3085 Arusiensis

384 3108 592 3148 dioceseos
631 3114 749 3162 “post
785 3118 1012 3166 susceptum
1042 3116 1342 3168 presbyteratus
1382 3117 1557 3156 ordinem
1586 3117 1790 3154 teneantur
1824 3115 1860 3152 in
1898 3118 2006 3153 statu
2042 3116 2178 3155 vicarii
2215 3117 2372 3156 biennio
2400 3130 2470 3170 pro
2499 3128 2586 3154 con·

385 3183 496 3217 svcto
527 3179 670 3218 salario
700 3180 931 3221 dcscrvirc''.
961 3206 1010 3212 —
1042 3186 1203 3233 Arusic‘,
1235 3187 1270 3224 in
1301 3186 1519 3234 dominica,
1548 3197 1625 3238 qua
1655 3187 1833 3223 cantatur
1862 3182 2031 3223 Officium
2064 3185 2182 3225 Oculi
2211 3188 2301 3226 mei·

774 3252 956 3294 Langebck
979 3254 1117 3298 Scriptt.
1142 3256 1204 3288 VI.
1230 3255 1400 3288 412-13,
