2649 3686
781 139 933 186 Kosa
969 138 1258 187 VALDEMAR
1293 136 1584 185 ATTERDAG.
2187 140 2283 191 315

340 308 496 358 [2681]
553 307 688 349 Pss'rm
729 308 882 349 abbatis
918 314 957 350 et
991 316 1209 350 conventus
1245 309 1473 349 monasterii
1509 308 1767 348 Esromensis
1803 307 2016 347 declaratio
2053 310 2100 349 (le
2130 316 2283 351 centum
2355 313 2469 354 1374.

80 381 224 423 marcis
251 379 499 419 denariorum
529 377 837 426 Lubecensium‚
867 394 935 433 pro
960 381 1105 434 quibus
1135 380 1332 431 obligatos
1361 392 1406 418 se
1436 392 1531 418 esse
1561 378 1730 417 fatentur
1759 391 1877 417 unum
1907 379 2212 420 anniversarium
2244 383 2281 421 iu
2306 381 2361 413 ⁴21⁸·
2386 382 2521 416 octobr.

80 450 250 492 salutem
278 449 526 501 Heylewigis
563 449 702 500 reginae
734 450 770 488 in
801 450 895 489 seria
925 454 1038 490 sexta
1074 452 1250 504 proxima
1285 452 1379 503 post
1407 448 1704 503 carnisprivium
1740 448 1949 502 quotannis
1986 448 2194 490 celebrare.
2230 472 2280 480 —

80 519 274 570 (Esrom)
304 519 367 558 die
397 518 575 557 Simonis
603 522 643 557 et
671 517 796 557 Judae.

470 586 641 621 Vidensk.
666 588 783 622 Selsk.
808 589 963 623 skrifter
987 591 1049 624 lv.
1073 589 1153 623 210.

1108 690 1251 739 1375.
2355 704 2470 744 1375.

340 785 496 835 [2682]
553 786 677 833 Brev,
718 786 881 826 udstedt
922 787 966 825 as
998 787 1058 826 Bo
1097 787 1188 826 Hau
1228 787 1399 834 Ridder,
1441 786 1575 826 JAcon
1618 784 1832 825 Numssem
1877 784 2160 824 H6vedsmand
2207 798 2281 838 paa
2327 787 2361 820 2.
2393 788 2494 822 Febr.

79 854 184 897 Hald
225 869 277 908 og
318 855 593 903 Skiiffueslot‚
638 870 688 909 og
724 857 862 896 endeel
898 857 1066 909 Adelige
1104 859 1114 896 i
1147 856 1454 910 Sallingsyssel,
1497 859 1538 894 at
1574 855 1623 894 de
1661 854 1789 906 edelig
1823 854 1922 894 have
1959 854 2158 907 sorpligtet
2194 855 2283 894 dem

79 925 122 965 til
151 928 193 965 at
222 926 397 966 sorsvare
431 926 603 966 Kirkcns
634 940 684 979 og
713 927 1033 980 Geistligbedens
1061 927 1259 968 Friheder.
1299 950 1355 956 —
1395 925 1543 979 Lybye
1572 924 1725 972 Kirka,
1769 924 1844 964 den
1874 924 2056 964 aeresulde
2084 924 2284 964 Jomsrues

79 995 361 1050 Kyndelmisse
389 996 541 1036 Hffitid.
1893 988 1895 992 ⁴
1952 995 2281 1044 (Oversaettelse).

474 1065 644 1098 nvitfeldt
677 1066 801 1098 Danm.
838 1066 946 1108 Riges
981 1067 1086 1099 Krun.
1123 1077 1154 1110 p.
1189 1067 1257 1100 553
1292 1065 1500 1110 (Qvartudg.
1531 1067 1627 1098 Tum.
1659 1064 1721 1097 111.
1751 1074 1783 1107 p.
1820 1063 1920 1108 624).
1981 1063 2088 1098 Suhm
2121 1064 2211 1096 nist.
2245 1064 2288 1096 a?

471 1128 618 1161 Danmk.
643 1127 740 1160 xm.
766 1127 845 1159 746.

341 1189 503 1240 [2683]
553 1189 718 1235 Literae,
761 1188 905 1242 quibus
932 1188 1238 1229 XVALnemAnus
1275 1203 1341 1228 rex
1379 1188 1556 1242 quaedam
1586 1186 1689 1227 bona
1728 1188 1765 1226 in
1796 1185 1960 1238 Skeyby
1988 1187 2025 1226 in
2054 1186 2282 1228 Hasleherit
2324 1189 2376 1223 16·
2402 1190 2502 1223 Febr-

80 1260 180 1307 sita,
223 1273 308 1314 quae
339 1260 549 1307 Nicolaus‚
591 1262 728 1298 cantor
765 1259 943 1298 ecclesiae
981 1260 1236 1306 Arusiensis,
1282 1259 1319 1298 in
1357 1259 1620 1311 possessione
1658 1271 1730 1309 sua
1759 1270 1828 1309 per
1857 1260 1938 1295 tres
1963 1270 2088 1295 annos
2117 1260 2158 1296 et
2182 1256 2281 1297 ultra

80 1329 241 1383 pacifice
271 1329 477 1385 ‘habuerat
521 1334 560 1369 et
604 1330 756 1382 quiete,
808 1329 899 1368 huic
941 1328 1154 1382 adjudicat.
1198 1350 1246 1356 —
1290 1329 1442 1384 Arm-5,
1478 1340 1579 1367 anno
1622 1326 1768 1366 domini
1809 1325 1927 1366 LXX
1968 1328 2125 1379 quinto,
2168 1330 2282 1366 sexta

80 1398 176 1440 seria
203 1403 299 1452 post
327 1399 539 1439 Valentini.

472 1469 657 1511 Iaangebek
682 1468 818 1513 Scriptt.
842 1470 904 1502 VI.
930 1468 1007 1502 499.

341 1531 498 1580 [2684]
556 1533 855 1578 ΧΥΑιυῐιιΜΑκι,
886 1531 948 1570 (lei
978 1532 1101 1583 gratia
1130 1530 1349 1576 Danorum,
1387 1529 1593 1568 Slavorum
1624 1528 1910 1581 Gottorumque
1940 1528 2066 1579 regis,
2103 1530 2142 1566 et
2170 1526 2283 1566 Hssx-
2329 1531 2362 1564 7.
2394 1531 2494 1565 sulii.

83 1612 171 1640 mel
210 1600 349 1641 eadem
387 1603 511 1654 grafia
547 1601 663 1641 ducis
697 1600 813 1640 Jutiae
857 1601 996 1648 literae,
1040 1600 1182 1654 quibus
1219 1603 1431 1646 testantur,
1475 1598 1582 1638 litem
1612 1600 1710 1637 inter
1746 1598 1934 1637 Thomam
1965 1597 2145 1637 abbatem
2184 1596 2281 1636 Loci

81 1669 160 1711 Dei
188 1673 229 1711 et
254 1670 462 1710 Nicolaum
492 1671 639 1710 dictum
669 1670 786 1709 wind
816 1671 882 1710 tali
913 1670 1029 1710 modo
1060 1684 1152 1710 esse
1181 1670 1346 1716 finitam,
1383 1668 1514 1721 “quod
1543 1668 1670 1707 dictus
1698 1667 1888 1706 Nicolaus
1917 1667 2039 1706 wind
2069 1667 2282 1717 resignavit

79 1745 296 1780 memorato
326 1741 485 1781 domino
515 1740 645 1780 abbati
676 1754 828 1779 omnem
858 1742 1115 1779 scotationem
1145 1739 1223 1779 sibi
1253 1739 1394 1778 saetam
1425 1739 1473 1778 de
1511 1737 1694 1777 domibus
1723 1737 1943 1782 aedificatis,
1973 1737 2008 1775 in
2039 1736 2172 1776 fundis
2200 1750 2281 1774 mo-

82 1812 245 1851 nasterii
273 1813 310 1851 in
340 1811 525 1864 parochia
550 1811 712 1864 Hyging.
739 1812 776 1850 in
805 1824 943 1864 campo
972 1810 1111 1862 Harby
1145 1810 1274 1849 sitis''.
1318 1831 1368 1836 —
1411 1809 1552 1862 Ripz’s,
1596 1806 1761 1847 sabbato
1797 1811 1886 1846 ante
1923 1806 2068 1846 festum
2105 1805 2142 1847 b.
2179 1805 2280 1846 Mar-

30 1872 45 1881 *
82 1883 223 1933 garetae
253 1882 348 1935 virg.
379 1886 418 1922 et
445 1885 556 1921 mart.

476 1952 663 1994 Langebek
688 1951 826 1994 Scriptt.
853 1950 947 1983 VIII.
975 1950 1050 1982 164.

345 2013 490 2064 [2685]
546 2013 733 2053 N100LA1
764 2013 941 2065 episcopi
970 2010 1252 2049 Roskildensis
1280 2009 1420 2056 literae,
1464 2007 1608 2061 quibus
1637 2007 1821 2047 transfert
1851 2007 1993 2046 festum
2024 2006 2280 2045 dedicationis
2308 2014 2360 2047 1-1.
2381 2014 2538 2056 Augusti.

82 2083 263 2124 ecclesiae
291 2083 546 2131 Hafniensis,
591 2083 694 2137 quod
722 2087 836 2122 antea
865 2081 1101 2120 celebratum
1128 2084 1208 2119 erat
1236 2079 1299 2118 die
1329 2078 1578 2136 exaltationis
1607 2081 1751 2116 sanctae
1783 2078 1934 2124 crucis,
1964 2078 2002 2116 in
2032 2076 2279 2120 dominicam,

12 2149 18 2160 ¹
82 2167 169 2206 quae
200 2154 426 2194 immediate
455 2155 634 2208 sequitur
663 2153 807 2192 festum
838 2152 1013 2205 corporis
1043 2150 1209 2196 Christi,
1241 2153 1359 2202 atque
1389 2147 1592 2193 omnibus,
1624 2148 1690 2200 qui
1720 2147 1795 2185 hoc
1825 2147 1929 2185 festo
1954 2146 2162 2185 ecclesiam
2188 2144 2280 2182 Haf-

82 2225 260 2263 niensem
290 2225 354 2277 pie
384 2225 733 2278 frequentaverint,
774 2222 849 2262 XL
879 2222 1025 2260 dierum
1056 2220 1316 2271 indulgentias
1345 2217 1538 2257 coneedit.
1580 2239 1634 2246 —
1675 2216 1930 2265 Hiortholm,
1973 2215 2100 2267 vigilia
2128 2228 2281 2254 assum·

81 2295 203 2334 tionis
230 2293 270 2334 b.
298 2295 432 2334 Mariae
461 2295 638 2346 virginis.

475 2363 706 2407 Pontoppidan
731 2362 865 2396 Annall.
893 2361 973 2394 eccl.
999 2361 1085 2392 Dan.
1111 2359 1154 2391 ll.
1179 2357 1257 2390 222.

344 2425 499 2475 [2686]
558 2425 773 2465 Gnssoonu
819 2421 948 2472 (leff)
988 2434 1097 2474 papae
1140 2420 1256 2472 literae
1286 2417 1336 2456 ad
1371 2416 1666 2456 waldemarum
1699 2417 1830 2457 Daciae
1867 2429 2019 2468 regem,
2062 2415 2098 2453 in
2136 2413 2278 2467 quibus
2304 2422 2359 2458 23,
2380 2424 2538 2466 Augusti.

83 2497 249 2550 primurn
279 2501 387 2550 grate
418 2511 463 2536 se
493 2497 702 2549 accepisse
733 2494 828 2532 dicit
858 2490 1105 2545 “palafredos
1134 2493 1174 2528 et
1202 2486 1467 2540 gersandum'',
1497 2501 1519 2526 a
1549 2501 1639 2539 rege
1667 2501 1736 2540 per
1765 2485 2068 2525 ambaxiatorem
2097 2485 2186 2536 ejus
2214 2482 2279 2522 Jo-

83 2567 250 2607 bannem
279 2567 388 2606 Ruth
416 2570 696 2620 praesentatos3
740 2564 941 2614 Signetum
974 2563 1167 2599 secretum
1198 2558 1278 2608 regi
1308 2557 1447 2603 mittit,
1490 2560 1534 2595 ut
1563 2556 1626 2595 hic
1655 2557 1691 2595 ei
1720 2559 1834 2595 antea
1865 2555 2035 2601 fecerat3
2078 2558 2279 2605 postremo

83 2637 256 2676 dolorem
295 2637 460 2683 indicat,
503 2635 609 2688 quod
647 2634 817 2673 nonnulli
853 2632 957 2683 regni
986 2629 1117 2668 Daciae
1146 2627 1292 2680 praelati
1322 2625 1564 2664 “damnosa''
1595 2627 1675 2677 regi
1712 2628 1780 2663 “et
1816 2622 2092 2676 displicibilia”
2122 2624 2280 2661 commi-

82 2707 219 2747 serint.
247 2728 301 2736 —
329 2707 456 2760 Apud
479 2706 621 2745 villam
650 2717 793 2743 novam
824 2700 1108 2742 Avine’oneusis
1136 2698 1392 2742 dioeceseos,
1429 2694 1481 2734 X.
1511 2695 1583 2733 cal.
1613 2694 1791 2747 Septbr.,
1826 2693 1962 2746 pontis.
1993 2706 2093 2731 anno
2131 2694 2279 2745 quinto.

474 2775 643 2808 Vidensk.
669 2774 784 2805 Selsk.
810 2771 960 2804 §ki-ister
985 2769 1045 2800 lv.
1077 2765 1242 2799 192—9-1.
1277 2763 1447 2796 228—29.
1504 2763 1651 2797 Meursii
1684 2765 1767 2807 Opp.
1800 2765 1895 2795 Tom.
1929 2762 1990 2797 lx.
2023 2766 2092 2795 not.
2128 2763 2279 2795 Gramm.

475 2836 660 2878 Langebek
686 2834 823 2877 Scriptt.
848 2832 943 2865 vill.
969 2828 1136 2862 437—38.

345 2898 490 2949 [2687.]
549 2897 789 2947 Qvittering,
819 2891 981 2933 udstedt
1009 2890 1051 2928 as
1074 2887 1315 2939 Hei-tuginde
1343 2886 1604 2926 Kmvmunma
1628 2885 1671 2924 til
1695 2885 1855 2937 Slesvig
1879 2898 1929 2936 og
1950 2882 2275 2935 Siinder-Jylland
2300 2888 2356 2921 25.
2381 2888 2514 2931 Septbr.

21 2953 26 2960 ⁸
84 2968 126 3007 til
154 2967 272 3021 Kong
299 2967 513 3008 Valdemar
546 2967 589 3006 as
620 2964 817 3006 Danmark
853 2963 911 3002 sor
948 2965 989 3000 et
1022 2957 1233 2999 Hundrede
1261 2956 1373 2996 Mark
1407 2955 1582 3008 Lybske.
1624 2977 1677 2983 —
1719 2953 2072 3007 Kalinqlteborclc,
2115 2952 2282 3004 Tirsdag

85 3037 145 3078 fiir
173 3037 394 3078 Michaelis.
2023 3022 2278 3074 (Plattydsk).

475 3106 645 3140 Vidensk.
671 3104 784 3137 Selsk.
810 3101 961 3135 Skrister
986 3100 1046 3132 IV.
1074 3098 1242 3130 184-85,
1288 3096 1391 3129 Suhm
1417 3094 1506 3128 nist.
1530 3095 1570 3127 af
1589 3093 1734 3128 Danmk.
1758 3093 1856 3126 xm.
1879 3091 2051 3126 8⁷5—76.

345 3168 499 3220 [2688]
556 3168 699 3207 Keiser
738 3164 849 3204 CAni,
886 3161 976 3211 (den
1014 3159 1102 3210 ΙΨ)
1139 3158 1411 3197 Stadsaestelse
1446 3170 1522 3210 paa
1558 3155 1705 3195 Tolden
1743 3154 1785 3194 til
1818 3153 1986 3207 Gottorp
2022 3153 2082 3193 sor
2117 3153 2165 3191 (le
2196 3152 2277 3191 bol·
2300 3161 2355 3195 31.
2382 3161 2517 3195 Octobr.

85 3238 248 3280 stenske
279 3238 427 3280 Grever
454 3236 604 3277 Henrik
633 3250 683 3288 og
710 3233 911 3274 Nicolaus.
939 3252 993 3259 —
1029 3229 1212 3278 Vismar,
1241 3227 1378 3280 Dagen
1407 3226 1466 3267 Γὸι·
1494 3225 1586 3266 Alle
1610 3225 1786 3278 Helgens
1814 3224 1916 3276 Dag.
2095 3222 2278 3275 (Tydsk).

480 3307 647 3340 Vidensk.
673 3304 788 3338 Sclsk.
815 3301 963 3336 skrifter
985 3299 1032 3333 X.
1061 3297 1138 3331 1:30.

1975 3355 2050 3397 40*
