2649 3686
864 133 1021 182 Koxo
1055 134 1186 184 Ean<
1222 134 1477 185 Gripmm.
2186 140 2280 190 159

59 301 205 342 nullum
236 306 398 355 propter
426 302 502 342 hoc
533 303 750 344 thelonium
780 310 848 345 aut
885 308 1201 348 satisfactionem
1237 308 1353 348 aliam
1392 307 1579 347 exhibere
1615 312 1684 347 aut
1720 308 1947 361 impendere
1984 314 2200 351 tencantur.
2231 334 2282 340 —
2357 312 2473 352 1280.

60 372 248 424 Hafnice,
279 372 318 411 in
348 374 523 412 erastino
554 372 590 412 b.
616 373 778 414 Mathiae
809 378 996 429 apostoli.
2316 380 2372 413 26.
2405 383 2505 416 Febr.

451 443 687 486 Pontoppidan
713 445 834 488 Origg.
861 447 962 480 Hafn.
987 459 1018 491 p.
1044 448 1194 483 58—59.

320 504 480 554 [1282]
539 505 798 556 T(ucn0ms)
847 510 1028 562 episcopi
1076 511 1269 564 Ripensis
1312 511 1453 557 literae,
1505 509 1650 563 quihus
1701 509 1926 551 haeredibus
1968 511 2105 551 March
2149 512 2283 551 najoth
2308 515 2365 548 30.
2390 519 2518 550 Martii.

55 573 235 621 mandat,
268 578 312 613 ut
340 578 546 628 “quartam
578 580 728 628 partem
760 577 809 616 (le
838 578 986 618 Alsless'
1013 580 1153 633 Otting
1189 583 1226 620 in
1264 580 1364 620 silva
1393 580 1619 627 Drawidt”‚
1664 594 1780 634 quam
1810 581 1949 620 March
1978 581 2114 621 Rooth
2151 595 2284 620 mona-

56 644 142 685 chis
170 643 270 684 Loci
300 645 377 684 Dei
407 640 660 694 vendiderat,
705 646 827 686 dictis
864 650 1072 689 monachis
1101 651 1357 704 approprient
1389 650 1450 689 vel
1489 642 1670 703 pretium'
1689 651 1910 691 refundant.
1950 675 2004 680 —
2046 652 2174 705 Apud
2200 652 2281 692 Lb’-

54 715 196 769 9lmm‚
227 716 266 754 in
295 716 474 767 proximo
505 715 672 756 sabbato
703 721 794 775 ante
824 718 1061 759 dominicam
1092 721 1231 761 media:
1261 720 1588 774 quadragesimae.

447 786 634 827 Langebek
661 788 801 831 Scriptt.
827 790 924 822 Vlll.
949 791 1053 824 6-7.

315 847 472 896 [1283]
532 847 821 890 Testimonium
853 850 1113 905 T(ucnoxrs)
1145 853 1326 906 episcopi
1356 853 1549 905 Ripensis
1579 853 1628 893 de
1656 854 1877 893 scotatione
1908 854 2029 893 tertiae
2058 856 2184 907 partis
2213 870 2278 895 cu·
2303 861 2360 894 30.
2385 864 2516 896 Martii.

53 919 119 958 riae
148 916 379 970 Kiaergaard
418 931 508 956 cum
544 918 770 959 molendino
816 925 856 959 et
897 921 1014 961 ssuvio
1054 923 1102 962 ad
1148 923 1415 962 molendinum
1454 923 1708 971 decurrente,
1751 938 1823 976 pro
1863 928 1978 964 sexta
2015 929 2125 977 parte
2162 927 2281 965 unius

52 988 192 1041 Atting
221 989 260 1027 in
288 987 494 1028 Lfittwedt
522 989 677 1036 marck,
706 1005 776 1043 per
805 991 894 1030 Anu
928 992 1077 1032 Assers
1107 992 1236 1032 dotter
1264 993 1474 1033 monacbis
1496 993 1595 1033 Loci
1619 994 1695 1033 Dei
1719 995 1837 1034 sacta.
1862 1016 1911 1023 —
1936 993 2070 1034 Tertio
2093 994 2280 1048 cal.Apr.

447 1059 635 1102 Langebek
662 1060 803 1103 Scriptt.
832 1062 925 1095 VIII.
955 1062 1009 1095 16.

313 1120 470 1170 [1284]
529 1121 648 1173 Kong
682 1121 813 1162 mes
851 1123 977 1171 Brev‚
1020 1123 1194 1164 hvorved
1233 1125 1309 1164 han
1340 1125 1537 1178 skjaenker
1565 1126 1750 1178 Slesvigs
1780 1125 2019 1166 lndvaanere
2048 1128 2277 1170 Toldsrihed
2302 1129 2358 1163 28-
2394 1131 2537 1175 Aprilis-

52 1204 144 1231 over
166 1190 235 1231 det
260 1190 350 1231 hele
365 1192 482 1244 Rige.
506 1214 560 1220 —-
582 1192 885 1246 Isolde'nqborq,
916 1208 977 1233 am
993 1194 1104 1245 Dage
1128 1195 1274 1234 Vitalis
1290 1195 1448 1234 Martini
1471 1196 1563 1248 (leg.
1587 1196 1812 1250 martyris).
2017 1198 2276 1252 (Plattydsk).

445 1262 676 1306 XVestplialen
700 1265 852 1296 Monum.
879 1263 966 1297 ined.
994 1265 1054 1298 111.
1081 1264 1160 1297 294.
1185 1284 1232 1290 —
1258 1265 1337 1299 Vid.
1363 1266 1455 1298 infra
1477 1276 1532 1298 no.
1560 1266 1660 1298 1413.

313 1323 471 1373 [1285]
529 1324 699 1372 Literae,
743 1325 889 1378 quibus
918 1326 1075 1366 Ricno
1114 1326 1286 1366 TwoMs
1330 1341 1474 1367 prmus
1519 1331 1560 1367 et
1600 1327 1821 1367 Nummos
1861 1341 2007 1370 rimus
2050 1330 2274 1373 JOHANMS
2301 1340 2356 1376 28.
2393 1342 2535 1385 Aprilis.

51 1396 184 1432 notum
215 1394 400 1434 omnibus
430 1395 604 1443 faciunt,
636 1409 681 1435 se
712 1398 922 1435 conventui
953 1411 987 1436 s.
1018 1396 1177 1436 Thomae
1207 1401 1248 1436 et
1276 1396 1314 1436 b.
1343 1397 1534 1436 wilielmi
1565 1397 1614 1437 de
1642 1396 1840 1438 Paraclito
1866 1401 1996 1439 onmia
2020 1415 2153 1441 eorum
2169 1402 2272 1443 hona

50 1463 88 1502 in
117 1462 314 1517 W'hetorp
345 1467 424 1505 sita
452 1465 699 1506 vendidisse.
731 1489 780 1494 —
811 1466 1044 1516 Roslcildis,
1075 1466 1161 1506 llll.
1192 1467 1344 1506 calend.
1373 1467 1487 1520 Maji.

441 1537 632 1578 Langebek
658 1536 797 1580 Scriptt.
822 1538 885 1570 VI.
915 1537 989 1569 164.

311 1597 469 1651 [1286]
531 1597 751 1638 Tncnoms
782 1598 1044 1637 Arhusiensis
1074 1599 1255 1652 episcopi
1284 1599 1426 1646 literae,
1466 1598 1612 1652 quihus
1642 1600 1846 1647 omnibus,
1887 1602 1952 1654 qui
1983 1601 2032 1640 ad
2062 1604 2274 1644 ecclesiam
2320 1600 2355 1633 ²·
2388 1602 2488 1643 Maji.

47 1665 117 1706 Sta
134 1666 268 1707 Mariae
296 1667 532 1721 Flensburgi
562 1668 840 1708 exstruendam
870 1669 1055 1708 auxilium
1085 1668 1340 1720 praehuerint,
1375 1668 1452 1708 XL
1490 1669 1640 1709 dierum
1678 1670 1942 1722 indulgentias
1978 1674 2183 1725 promittit.
2240 1695 2250 1699 ·

50 1734 162 1778 Cara
191 1739 346 1786 imula,
376 1734 440 1778 die
469 1738 517 1779 ll.
546 1739 659 1792 Maji.

346 1812 350 1817 “
440 1812 554 1853 Beyer
586 1810 628 1843 de
660 1809 749 1852 orig.
785 1812 818 1842 et
850 1808 989 1842 increm.
1014 1808 1223 1850 Flensburgi
1249 1818 1326 1852 pag.
1354 1808 1503 1841 20—21.
1563 1810 1796 1854 Pontoppidan
1821 1811 1960 1845 Annall.
1986 1812 2109 1846 eccles.
2134 1814 2220 1847 Dan.
2247 1815 2270 1848 l.

441 1871 614 1904 752—53.

310 1933 469 1983 [1287]
525 1933 656 1972 Enrcl
693 1933 895 1972 Danorum
936 1934 1041 1985 regis
1077 1932 1321 1986 privilegium
1359 1931 1780 1984 Gripeswoldensibus
1816 1934 1971 1982 datum,
2008 1940 2051 1974 ut
2087 1950 2267 1989 campum
2303 1935 2357 1970 12-
2390 1937 2497 1972 Junii.

46 2003 257 2060 quendam,
296 2004 455 2044 Vittam
485 2008 767 2057 nuncupatum,
797 2006 943 2043 “situm
975 2005 1073 2042 inter
1101 2004 1302 2054 antiquum
1327 2001 1549 2053 indaginem
1575 2008 1615 2042 et
1637 2006 1918 2043 coemeterium
1935 2005 2266 2050 Theutonicorum

46 2077 86 2112 et
113 2075 214 2113 inter
239 2074 353 2114 littus
382 2076 505 2114 maris
534 2078 575 2114 et
603 2088 785 2127 campum
816 2088 890 2113 seu
918 2074 1067 2112 vittam
1097 2072 1389 2111 Sundensium”
1419 2073 1456 2110 in
1485 2072 1766 2119 Falsterbmle,
1803 2075 1841 2112 in
1871 2079 2105 2127 perpetuum
2135 2079 2265 2129 possi-

43 2143 135 2184 dere
165 2146 217 2184 iis
246 2144 384 2194 liceat3
412 2149 615 2199 praeterea,
644 2149 689 2184 ut
717 2145 833 2183 liceat
861 2148 1037 2197 tempore
1066 2143 1301 2196 piscationis
1324 2141 1559 2182 advocatum
1583 2145 1839 2190 constituere,
1869 2146 1936 2197 qui
1959 2158 2105 2184 causas
2129 2160 2263 2186 eorum

39 2215 204 2268 judicet.
236 2237 285 2252 —-.
326 2214 696 2269 JVortleinqeburq,
726 2214 853 2267 pridie
883 2213 935 2252 id.
964 2214 1085 2252 Junii.

436 2286 541 2318 Suhm
567 2284 657 2318 nist.
694 2285 734 2316 af
757 2284 906 2316 Danmk.
931 2284 978 2317 X.
1010 2294 1042 2326 p.
1071 2282 1167 2315 1011.
1204 2281 1287 2325 (cfr.
1315 2293 1347 2324 p.
1380 2280 1584 2325 798—99.).
1643 2282 1819 2325 Liljegren
1854 2283 2078 2327 Diplomatar.
2116 2287 2260 2319 Svecan.

432 2349 460 2381 I.
486 2358 541 2380 no·
566 2348 646 2379 883.
696 2371 704 2379 .
729 2346 809 2379 729.

303 2409 462 2458 [1288]
519 2358 692 2458 E(nic¹)p
711 2408 911 2447 Danorum
941 2407 1226 2457 Slavorumque
1256 2405 1360 2457 regis
1391 2404 1585 2457 diploma,
1627 2418 1704 2457 quo
1742 2405 1974 2446 “libertates
2005 2411 2045 2445 et
2072 2409 2260 2458 gratias'',
2299 2416 2352 2450 1-1.
2389 2417 2484 2451 Julii.

42 2493 142 2532 quas
172 2480 261 2533 ipse
290 2484 331 2520 et
359 2481 640 2533 progenitores
670 2479 760 2531 ejus
794 2475 1100 2516 Lubecensibus
1137 2478 1420 2514 concesserant
1455 2476 1493 2513 in
1531 2474 1716 2514 nundinis
1751 2476 2037 2515 Seaniensihus
2075 2480 2115 2515 et
2151 2477 2257 2525 alibi,

40 2550 253 2590 confirmat.
282 2572 336 2578 —
364 2549 689 2602 Nacliaescoqlt,
719 2547 846 2600 pridie
875 2547 930 2586 id.
959 2546 1067 2584 Julii.

430 2619 608 2652 sartorius
629 2619 755 2653 Gesch.
775 2619 806 2650 d.
828 2619 946 2649 Hanse
966 2617 1017 2648 ed.
1037 2614 1274 2658 Lappenberg.
1298 2614 1342 2646 11.
1368 2623 1423 2646 no.
1448 2614 1526 2645 XL.
1551 2624 1583 2656 p.
1613 2613 1779 2648 115—16.
1826 2614 2008 2658 LiIJegren
2029 2616 2256 2660 Diplomatar.

434 2684 580 2715 Svecan.
607 2682 652 2714 11.
678 2691 733 2713 no.
763 2680 861 2711 1717.
887 2690 918 2722 p.
944 2677 1024 2710 656.

302 2744 460 2792 [1289.]
517 2743 647 2782 Enlcl
677 2743 878 2782 Danorum
907 2740 1192 2790 Slavorumque
1221 2737 1329 2788 regis
1359 2735 1554 2788 diploma,
1599 2750 1675 2789 quo
1715 2750 1853 2776 omnes
1881 2743 2142 2788 mercatores,
2187 2742 2252 2794 qui
2280 2743 2333 2776 10.
2356 2745 2514 2788 Augusti.

37 2813 237 2853 mercandi
267 2815 395 2866 gratia
424 2814 581 2865 navigio
610 2813 673 2852 vel
701 2827 773 2865 per
803 2816 943 2850 terram
972 2808 1211 2848 Esthoniam
1240 2807 1437 2852 venerint,
1473 2805 1547 2844 sub
1577 2807 1863 2859 protectionem
1894 2821 2007 2848 suarn
2037 2811 2253 2862 specialem

37 2884 198 2937 recipit,
227 2883 444 2937 prohibens
473 2882 680 2922 advocatis
709 2883 797 2921 suis
826 2885 867 2920 et
896 2878 1080 2919 omnibus
1109 2890 1181 2916 eos
1210 2876 1458 2929 aliquatenus
1494 2875 1720 2916 molestare.
1762 2900 1816 2906 —
1863 2878 2069 2928 Othonioe,
2113 2881 2150 2919 in
2188 2881 2252 2921 die

36 2951 74 2992 b.
103 2952 322 2993 Laurentii.
661 3006 665 3010 .

428 3025 566 3068 Dreyer
590 3022 731 3067 specim.
757 3021 798 3054 de
821 3019 935 3053 naufr.
960 3031 991 3063 p.
1018 3017 1176 3051 CXLIV.

297 3096 444 3148 [1290]
503 3096 808 3136 Confoederatio
844 3095 944 3132 inter
979 3089 1249 3141 'Wisbyenses
1288 3091 1327 3126 et
1361 3086 1622 3128 Lubecenses
1658 3088 1709 3128 ad
1745 3089 2017 3132 defendendas
2053 3105 2250 3144 personas
2282 3093 2314 3127 ⁷·
2348 3095 2479 3138 Septbr.

36 3168 76 3204 et
103 3167 339 3205 commercia
367 3180 438 3219 per
467 3170 593 3206 totum
623 3170 769 3205 “mann
796 3161 1064 3203 omns-ram?
1095 3163 1134 3198 et
1163 3159 1228 3196 ‘’in
1257 3161 1372 3209 portu
1402 3157 1579 3197 Trauene
1603 3158 1664 3197 vel
1688 3159 1726 3197 in
1750 3159 1996 3208 Nonnsnnr,
2025 3161 2086 3200 vel
2109 3161 2250 3203 abinde

34 3247 160 3288 usque
189 3236 227 3274 in
255 3235 536 3289 Nogardiani⁷’,
567 3237 605 3275 in
635 3235 772 3275 decem
801 3246 927 3273 annos
957 3231 1063 3271 inita.
1135 3228 1443 3277 [Documentum
1483 3227 1533 3268 ab
1561 3228 1776 3278 advocato,
1812 3231 2045 3271 consulibus
2075 3235 2115 3272 et
2144 3246 2248 3272 com-
