2649 3686
767 100 922 150 Kone
957 100 1228 152 Canis-rus
1266 120 1362 153 mm
1396 104 1602 154 Fonsrn.
2192 115 2287 161 455

14 277 15 281 ’
81 268 289 309 Mauritius
320 281 370 319 og
399 266 534 307 Gerith
568 268 713 309 Grever
742 271 786 310 af
810 271 1058 327 oldenborg,
1088 276 1114 315 6
1143 276 1292 315 danske
1320 276 1545 332 Biskopper
1574 292 1625 331 og
1654 278 1705 318 24
1733 278 1987 318 Adelsmaend
2017 294 2067 332 og
2096 281 2289 322 l’raelater.
2366 285 2475 326 1457.

81 359 130 367 —
161 337 209 378 In
239 345 379 377 castro
406 337 633 389 Hastensi,
664 339 857 380 dominica
886 343 1041 383 Judica.
2312 351 2344 382 3.
2376 352 2520 394 Aprilis.

470 407 631 452 Hadorpli
655 411 812 442 Svenske
838 412 1107 455 Rimkwinikor,
1132 415 1196 448 Bil.
1221 417 1260 449 S.
1289 416 1458 451 196—97.

341 467 499 518 [3989]
559 470 739 510 CAmxTi
772 486 883 524 papae
914 474 1036 523 (lllffi)
1065 476 1114 515 ad
1144 477 1443 525 Christianum,
1473 479 1628 526 Daniae,
1666 479 1818 519 Sveciae
1848 483 1888 518 et
1915 479 2116 532 Norvegiae
2146 496 2286 533 regern,
2331 492 2356 523 1.
2382 494 2430 524 ve!
2460 495 2510 527 15.

76 540 287 594 pluresque
326 552 438 590 reges
475 542 516 578 et
550 540 751 593 principes
787 545 1116 595 septentrionales
1154 546 1292 593 literae,
1334 548 1478 600 quibus
1516 563 1587 588 eos
1629 549 1678 588 ad
1721 549 1862 588 bellurn
1907 549 2101 590 adversus
2138 550 2287 591 Tun-as
2347 539 2488 581 ‘'prm“

76 609 336 663 incipiendum
366 608 563 657 hortatur,
593 609 718 648 misso
741 611 791 650 ad
819 611 896 652 hoc
925 616 1122 667 negotium
1152 616 1281 668 legato
1311 617 1462 656 Marino
1491 618 1540 657 de
1568 619 1755 671 Fregeno.
1778 642 1831 648 —
1855 619 1922 658 lv.
1954 619 2091 669 (ΧΠ)
2121 621 2285 674 Aprilis,

76 679 219 734 pontis.
248 692 351 719 anno
379 677 472 718 11³0.

470 749 637 794 Raynaldi
665 750 799 784 Contin.
826 752 949 784 Baron.
975 754 1019 786 ad
1043 764 1119 787 ann.
1149 755 1688 802 1157.xxx¹v.⁷1·om.x.p.
1718 758 1793 792 112.

337 810 495 860 [399οᾸ
554 811 872 859 Cumsrmnm,
924 814 1079 862 Danioe,
1130 816 1286 868 Norvge
1276 820 1356 866 νίε,
1409 819 1615 859 Slavorum
1659 820 1956 874 (iothor-umque
2000 823 2123 873 regis,
2175 821 2289 861 ducis
2317 828 2367 860 10.
2393 830 2530 872 Aprilis.

76 880 272 928 Estoniae,
301 881 460 920 comitis
490 882 528 920 in
556 880 806 921 Oldenbmch
838 886 877 921 et
905 883 1206 934 Delmenhorst,
1236 887 1286 926 ad
1316 887 1495 927 Carolum
1525 890 1760 929 Francorum
1791 904 1920 942 regem
1953 890 2092 938 liter-¹⁸1,
2124 891 2172 930 de
2202 905 2288 944 pro

38 971 41 975 ·
75 951 267 1004 longanda
297 951 422 998 dieta,
453 951 553 990 inter
582 964 627 990 se
656 954 696 989 et
725 950 874 990 Seotiae
903 966 1034 1005 regem
1063 968 1192 995 eoram
1223 971 1312 1008 rege
1343 958 1477 997 Galliae
1506 958 1554 996 ad
1592 961 1877 999 controversias
1915 975 2046 1000 eorum
2087 961 2285 1000 sedandas

73 1021 238 1069 indicta,
269 1024 428 1074 propter
458 1021 639 1073 injuriam
670 1020 842 1061 subditis
870 1023 976 1074 regis
1012 1037 1034 1062 a
1071 1024 1206 1064 Scotis
1243 1027 1407 1074 illatam,
1451 1042 1539 1067 cum
1577 1042 1697 1081 nuper
1725 1043 1860 1069 navem
1896 1030 2063 1069 Beronis
2100 1030 2285 1070 Thorlevi

75 1091 291 1144 Capitanei,
315 1090 363 1131 ab
379 1089 551 1131 lslandia
566 1091 799 1138 venientem,
816 1092 1105 1145 interceperant.
1122 1118 1172 1124 —
1190 1096 1239 1135 In
1254 1105 1392 1136 castro
1412 1096 1695 1150 Copenltaveu,
1713 1099 1857 1138 domin.
1875 1101 1910 1139 in
1924 1100 2286 1139 ramispalmarum.

466 1160 624 1194 Leibnitz
649 1161 734 1194 Cod.
759 1163 836 1194 Jur.
864 1163 962 1195 Gent.
989 1163 1170 1206 Diplomat.
1198 1167 1236 1198 P.
1262 1166 1288 1198 1.
1315 1178 1345 1209 p.
1371 1167 1543 1199 413—15.

333 1222 492 1274 [3991.]
551 1221 772 1262 CAmst
803 1222 926 1272 (mus)
963 1238 1065 1277 papa
1095 1227 1337 1279 privilegium
1367 1241 1389 1266 a
1419 1228 1708 1280 praedecessore
1737 1245 1810 1269 suo
1846 1231 2010 1270 Nicolao
2046 1231 2116 1269 V²⁰
2149 1231 2281 1271 datum
2341 1240 2369 1272 Ι.
2395 1242 2490 1281 Maji.

70 1294 214 1344 (1449,
243 1294 303 1334 Χυ
332 1292 483 1332 calend.
512 1291 632 1346 Maji,
662 1293 800 1346 pontif.
832 1307 933 1333 anno
964 1297 1100 1342 tertio,
1132 1297 1238 1347 quod
1267 1298 1303 1335 in
1334 1301 1497 1337 extenso
1527 1299 1647 1337 literis
1678 1301 1867 1338 insertum
1895 1302 1993 1348 est),
2035 1314 2082 1339 ne
2112 1303 2202 1354 quis
2233 1302 2280 1340 ‹le

69 1366 189 1404 certis
217 1365 366 1410 causis,
398 1364 437 1403 in
467 1364 591 1416 prima
621 1364 804 1402 instantia
834 1363 1119 1416 dijudicandis,
1150 1369 1257 1404 extra
1288 1380 1446 1417 regnum
1475 1367 1610 1407 Daniae
1640 1370 1835 1420 proticisci
1866 1383 1966 1422 opus
1996 1369 2158 1417 habeat,
2189 1385 2278 1410 con-

68 1435 204 1475 firmat.
237 1458 286 1464 —
318 1435 458 1475 Romae
487 1448 556 1487 ap.
590 1433 636 1473 S.
666 1433 868 1481 Petrum,
900 1434 1072 1474 calendis
1102 1435 1221 1489 Maji,
1251 1436 1390 1488 pontif.
1423 1450 1522 1475 anno
1553 1439 1680 1476 tertio.

463 1503 693 1547 Pontoppidan
718 1504 854 1537 Annall.
881 1504 1002 1537 eccles.
1027 1506 1113 1537 Dan.
1138 1506 1182 1538 11.
1207 1506 1378 1538 (Ἀθ-45.
1424 1507 1608 1548 Langebek
1623 1507 1761 1550 Seriptt.
1781 1510 1861 1541 Rer.
1882 1510 1966 1541 Dan.
1988 1510 2084 1543 vm.
2105 1510 2274 1557 {27-30.

331 1565 486 1614 [3992]
545 1564 832 1605 Curusrmnm
872 1567 975 1618 regis
1011 1567 1129 1605 literoe
1167 1566 1217 1605 ad
1255 1566 1559 1615 Theodericum,
1603 1569 1938 1622 archiepiscopum
1981 1570 2275 1618 Coloniensem,
2319 1572 2371 1606 15-
2396 1575 2495 1615 Maii·

67 1635 116 1674 de
157 1636 217 1682 vi,
259 1635 447 1674 Marcello
491 1636 683 1689 episeopo
728 1635 854 1683 illata,
900 1635 1046 1689 quihus
1090 1635 1398 1677 demonstratur:
1449 1640 1639 1691 scriptum
1681 1639 1902 1679 Wenemari
1939 1640 2090 1692 culpam
2133 1642 2274 1680 civium

66 1691 361 1745 (loloniensium
391 1705 495 1744 nullo
534 1705 651 1745 modo
690 1706 924 1752 diminuere,
969 1719 1103 1744 verum
1139 1708 1274 1759 potius
1311 1720 1470 1759 augere3
1514 1708 1621 1747 addit
1658 1708 1798 1748 deinde
1833 1724 1919 1749 rex:
1964 1725 2008 1750 se
2038 1710 2270 1749 oblationem

65 1788 135 1827 per
165 1779 342 1814 oratores
371 1789 470 1815 suos
500 1776 602 1815 alias
632 1776 776 1815 saetam
808 1775 997 1822 Coloniae,
1042 1779 1082 1814 et
1117 1777 1332 1816 novissime
1368 1778 1523 1817 nunciis
1559 1779 1756 1817 civitatum
1794 1778 1928 1818 Hense
1964 1780 2068 1832 apud
2095 1780 2271 1827 Lubieh,

64 1845 334 1898 approbasse,
378 1850 417 1885 et
456 1850 634 1899 paratum
682 1860 775 1886 esse
818 1846 1015 1885 dictamini
1057 1847 1250 1899 cujusque
1291 1848 1480 1900 principis
1517 1848 1578 1886 vel
1617 1848 1762 1887 domini
1799 1863 1874 1886 non
1913 1850 2084 1901 partialis
2114 1863 2271 1888 causam

65 1916 227 1964 sistere,
268 1918 304 1955 si
339 1916 505 1964 vellent,
547 1917 719 1971 alioquin
749 1931 841 1956 vero
871 1917 1038 1956 minatur
1067 1916 1324 1956 Colonienses
1353 1917 1529 1957 “realiter
1556 1921 1595 1956 et
1622 1918 1877 1971 personaliter
1905 1919 2050 1958 ultione
2080 1919 2270 1970 condigna

12 1982 18 1984 ”
64 1985 270 2038 pleetere”.
299 2008 354 2016 --
387 1985 538 2027 Castro
572 1986 867 2041 copenhaven,
898 1987 986 2026 idus
1014 1986 1129 2039 Maji.

459 2058 643 2100 Langebek
667 2057 808 2101 Seriptt.
833 2058 916 2091 Rer.
942 2058 1031 2090 Dan.
1055 2057 1154 2089 vm.
1178 2057 1350 2090 363—64.

325 2126 480 2176 [3993]
537 2127 656 2179 Kong
685 2126 952 2167 Cuius‘rlANs
978 2125 1214 2179 Skjoldbrev
1243 2126 1405 2178 udgivet
1433 2126 1473 2165 til
1503 2126 1623 2180 Bjtirn
1652 2126 1890 2165 Thorlevsen
1921 2126 2267 2176 (“Th0llessenn'’)
2310 2134 2360 2167 16.
2394 2136 2490 2174 Maii.

63 2212 114 2251 og
141 2198 242 2237 hans
271 2202 368 2250 aegte
395 2197 692 2236 Descendenter
718 2196 939 2247 (Vaabenet
966 2195 1200 2246 heskrevet).
1230 2220 1279 2224 —
1309 2197 1359 2237 In
1388 2205 1526 2237 castro
1555 2197 1804 2249 Haffizc‘ensi‚
1849 2197 1943 2234 seria
1980 2196 2147 2235 secunda
2176 2200 2270 2248 post

62 2268 296 2308 dominicam
323 2267 498 2307 Cantate.

455 2337 613 2370 Ketilson
638 2336 698 2370 lsl.
723 2338 892 2370 Forordn.
917 2338 944 2370 Ι.
968 2336 1116 2369 38-39.

324 2411 483 2460 [3994.]
541 2411 671 2449 Vidne
702 2424 784 2457 om,
815 2413 855 2449 at
884 2413 957 2448 “en
988 2408 1185 2448 heskeden
1215 2406 1444 2446 Danemand
1472 2407 1551 2446 JEP
1580 2408 1741 2455 Basse,
1772 2408 1951 2460 Bymand
1981 2409 1992 2446 i
2023 2407 2265 2460 Suinborrig,
2302 2412 2359 2446 20.
2393 2414 2489 2452 Maji.

62 2480 191 2534 solgte
222 2495 272 2534 og
301 2481 594 2533 suldkommelig
623 2480 782 2534 skjiidte
809 2480 849 2519 til
879 2480 938 2518 St.
968 2478 1112 2517 Knuds
1142 2478 1251 2517 Alter
1275 2479 1285 2516 i
1309 2477 1392 2515 Vor
1412 2476 1513 2515 Frue
1536 2477 1656 2516 Kirke
1681 2479 1691 2516 i
1716 2477 1941 2529 Suinborrig
1965 2492 2011 2516 en
2037 2479 2096 2516 sin
2121 2478 2264 2525 Gaard,

59 2549 187 2591 baade
215 2550 331 2590 Huus
362 2565 414 2603 og
441 2550 561 2597 Jord,
590 2564 679 2590 som
707 2564 776 2589 var
803 2548 1032 2600 heliggende
1068 2549 1079 2586 i
1118 2545 1356 2598 Suinborrig.
1403 2568 1450 2573 —
1503 2546 1587 2586 Udi
1622 2547 1667 2586 S.
1707 2548 1876 2587 Νιϊοίαί
1906 2546 2036 2587 Kirka
2072 2550 2088 2587 i
2123 2546 2264 2587 Sicine-

61 2619 201 2674 borrz'q
223 2635 313 2674 paa
341 2620 630 2674 Bislcopstinq,
661 2620 735 2659 den
765 2618 917 2670 Fredag
946 2620 1043 2658 naest
1072 2617 1130 2656 sor
1160 2615 1273 2655 Guds
1301 2615 1563 2654 Himmelfarts
1591 2615 1690 2667 Dag.

412 2691 633 2734 Aktstykker
658 2692 722 2722 ete.
747 2690 826 2732 udg.
851 2689 891 2721 af
910 2690 1024 2732 Fyens
1049 2686 1101 2719 lit.
1127 2686 1242 2718 Selsk.
1268 2687 1304 2717 S.
1333 2685 1478 2717 102—3.

323 2763 482 2812 [3995]
539 2762 659 2814 Kong
687 2762 958 2801 Cnmswmms
989 2758 1111 2798 aabne
1139 2758 1262 2804 Brev,
1291 2757 1401 2796 hvori
1430 2757 1505 2796 han
1536 2756 1728 2803 erklaerer,
1773 2760 1813 2795 at
1838 2756 1912 2795 han
1943 2757 2172 2810 ingenlunde
2197 2757 2266 2796 har
2311 2761 2343 2794 3.
2367 2761 2471 2794 Junii.

59 2833 104 2873 til
132 2833 302 2886 Hensigt
329 2837 369 2873 at
393 2835 525 2886 tvinge
554 2832 603 2871 de
634 2831 815 2870 Svenske
844 2830 887 2868 til
917 2833 956 2868 at
984 2828 1103 2880 vaelge
1132 2827 1221 2866 ham
1252 2826 1293 2865 til
1320 2824 1485 2877 Konge,
1526 2839 1613 2864 men
1648 2826 1724 2864 kun
1761 2826 1803 2865 af
1832 2827 1992 2878 yderste
2026 2827 2058 2866 F
2063 2841 2195 2866 ormue
2224 2831 2264 2866 at

57 2903 306 2943 understatte
332 2903 527 2943 Natiouen
556 2901 648 2941 mod
676 2906 715 2940 et
742 2899 930 2951 voldeligt
957 2896 1113 2950 Angreb
1143 2897 1186 2934 af
1208 2895 1325 2947 Kong
1355 2895 1462 2942 Carl,
1501 2909 1610 2942 som,
1648 2895 1763 2948 issslge
1792 2896 1958 2948 Rygtet,
1998 2897 2136 2936 skulde
2165 2897 2262 2936 have

60 2975 74 3012 i
102 2972 226 3012 Sinde
253 2977 294 3012 at
321 2972 586 3025 undertrykke
616 2971 774 3022 Sverrig
801 2968 876 3007 ved
904 2967 1020 3020 Hjelp
1051 2965 1095 3004 af
1121 2965 1261 3018 polske
1289 2964 1462 3004 Vaahen.
1493 2987 1542 2993 —
1573 2965 1623 3005 In
1647 2968 1850 3018 passaqio
1874 2964 2131 3018 De'wralzafn‚
2168 2967 2261 3006 seria

2053 3034 2259 3090 (Svensk).

59 3046 172 3083 sexta
200 3046 291 3083 ante
319 3042 465 3083 festum
493 3041 765 3082 Pentecostes.

189 3108 194 3118 ’
451 3112 614 3155 Hadorph
638 3109 792 3144 Svenske
816 3105 1087 3147 Rimkriinikor,
1115 3103 1178 3136 Bil.
1205 3105 1242 3136 S.
1265 3102 1439 3135 218—19.

321 3184 480 3233 [3996.]
536 3183 655 3234 Kong
690 3180 962 3219 Cuma-uns
999 3176 1252 3228 Forsikkring
1287 3175 1329 3214 til
1366 3174 1548 3228 Sverrigs
1584 3175 1779 3223 Staender,
1822 3179 1864 3215 at
1896 3177 1984 3216 ville
2019 3175 2138 3217 holde
2173 3177 2263 3218 dem
2298 3178 2354 3212 22·
2379 3178 2485 3213 Junii-

58 3252 134 3293 ved
161 3253 275 3294 detes
303 3253 430 3306 gamle
456 3252 688 3304 Privilegier
725 3263 774 3301 og
810 3246 1016 3294 Friheder,
1052 3259 1102 3285 m.
1138 3259 1213 3292 m.,
1251 3244 1421 3284 hvorved
1459 3244 1533 3284 den
1564 3246 1576 3285 i
1603 3244 1864 3299 Kjiibenhavn
1899 3245 2093 3286 dominica
2120 3247 2259 3288 Judica
