2649 3686
368 152 468 202 286
1071 149 1224 196 Koxc
1257 145 1548 192 VALDEMAR
1582 141 1875 190 ATTERDAG.

180 319 299 361 1357.
630 322 785 372 [2409]
843 321 1072 360 Transactio
1108 320 1206 357 inter
1245 316 1442 356 MAGNUM
1480 313 1653 360 Sveciae,
1697 311 1904 363 Norvegiae
1943 316 1984 351 et
2019 311 2171 351 Scaniae
2207 325 2338 364 regem
2375 325 2421 350 ac
2454 312 2574 352 filium
2604 317 2606 319 ’

126 388 182 422 28·
208 388 348 433 APfffiS·
372 395 461 447 ejus
488 393 679 438 Emeum,
723 391 796 431 sub
825 391 1017 443 auspiciis
1052 388 1203 427 Alberti
1239 386 1352 423 ducis
1389 381 1717 434 Magnopolensis
1753 385 1793 420 et
1829 380 2004 433 Adolphi
2039 381 2231 421 Holsatiae
2269 382 2425 420 comitis
2453 381 2574 429 facta,

371 477 446 516 qua
476 464 661 515 princeps
689 461 832 500 Ericus
870 462 907 499 in
945 460 1106 511 gratiam
1142 456 1266 509 patris
1302 453 1507 504 recipitur,
1551 452 1666 504 eique
1703 454 1813 489 terrae
1850 450 2015 497 Scania,
2057 451 2187 490 insula
2223 451 2449 499 Huaedhen,
2486 451 2575 492 Ble-

371 534 529 584 congia,
559 532 750 584 Lysteer,
783 526 1120 569 Sundra-Halland
1150 529 1222 563 etc.
1253 522 1474 569 traduntur3
1516 524 1705 573 praeterea
1733 533 1804 559 rex
1832 519 2004 572 Magnus
2033 522 2142 586 terrae
2172 520 2326 561 Scaniae
2354 521 2576 574 privilegia,

371 614 393 640 a
422 615 513 653 rege
542 601 740 640 Danorum
771 599 930 644 tradita,
960 596 1121 649 principi
1151 594 1269 632 Erico
1298 590 1538 630 reservanda
1568 590 1720 629 tradere
1749 588 1972 642 pollicetur‘
1992 603 2032 642 p.
2068 604 2108 643 p.
2145 612 2194 618 —
2239 591 2288 632 In
2323 592 2425 631 villa
2451 590 2575 632 Juna.

373 673 556 724 eopensz',
584 669 647 708 die
673 669 816 707 vitalis
846 667 1028 706 martiris.

762 736 921 778 Hadorph
946 733 1098 766 Svenske
1121 730 1368 764 Rimkronikor
1391 729 1456 762 Bil.
1481 741 1513 774 p.
1539 729 1689 763 41—51.

112 777 168 837 23.
189 801 349 845 Augusti.
634 797 787 846 [2410]
845 796 1007 840 Literae,
1047 793 1190 846 quibus
1232 791 1424 839 Faunus,
1475 793 1692 845 episcopus
1733 791 1994 836 Arusiensis,
2037 790 2158 830 altare
2201 793 2329 831 sancti
2371 791 2578 835 Benedicti

373 869 483 908 altari
513 872 657 907 sanctae
686 866 935 917 Margaretae,
965 877 1164 903 consensu
1193 862 1353 914 capituli
1378 861 1614 908 accedente,
1645 863 1831 901 annectit.
1861 883 1911 890 —-
1940 861 2087 913 Vigilia
2116 860 2154 900 b.
2183 861 2474 902 Bartholoniaei.

760 934 946 975 Langebek
970 933 1107 976 Scriptt.
1131 932 1194 964 VI.
1220 932 1300 965 488.

147 1007 180 1039 3.
216 1006 334 1039 Decbr.
631 995 785 1044 [2411]
841 995 1026 1033 Jaeonus
1065 985 1271 1033 Oamsom
1308 1006 1358 1032 nn
1397 993 1783 1032 Aswon'rHAEnonAE
1818 992 1922 1032 bona
1959 1006 2031 1032 sua
2068 992 2105 1031 in
2135 992 2326 1040 Tisvillae,
2370 993 2579 1036 “videlieet

373 1073 462 1108 octo
491 1067 642 1106 solidos
672 1070 857 1104 terrarum
888 1065 926 1102 in
956 1065 1126 1111 censu’',
1169 1065 1409 1103 monasterio
1439 1063 1676 1102 Esromensi
1705 1077 1775 1115 pro
1803 1062 2012 1102 duodecim
2041 1064 2187 1102 marcis
2215 1064 2364 1116 argenti
2392 1065 2578 1118 ponderis

373 1137 622 1176 Coloniensis
654 1136 897 1188 oppignorat.
928 1156 976 1161 —
1007 1134 1217 1173 Dominica
1246 1135 1371 1187 prima
1401 1133 1596 1172 adventus
1626 1134 1787 1172 domini.

755 1203 940 1245 Langebek
965 1202 1101 1246 Scriptt.
1126 1204 1188 1236 IX.
1238 1204 1321 1237 Cod.
1347 1205 1484 1236 Esrom.
1509 1204 1570 1236 fol.
1597 1202 1830 1238 cxxxvnb.

181 1335 297 1375 1358.
1393 1319 1538 1368 1358.

113 1421 166 1452 20.
198 1421 338 1451 Januar.
623 1416 779 1464 [2412]
819 1415 1000 1463 'Literae,
1045 1416 1191 1469 quibus
1227 1430 1445 1457 comunes
1486 1431 1538 1457 ΕΤ
1579 1430 1748 1457 lucorum
1784 1417 2089 1457 Enumsuffinffl·
2117 1417 2289 1457 Henrico
2327 1422 2366 1458 et
2394 1418 2577 1472 Adolpho

366 1485 575 1525 comitibus
604 1485 816 1532 Holsatiae,
855 1487 921 1539 qui
950 1488 1174 1539 provincias
1204 1486 1538 1540 Byltrynghaeret,
1581 1486 1907 1540 Pylwrymhaeret
1935 1492 1973 1526 et
2001 1487 2279 1540 VVyrykhaeret
2308 1503 2380 1528 nec
2409 1503 2484 1528 non
2512 1503 2577 1542 pa-

367 1555 540 1594 rochiam
568 1555 746 1594 Morsum
776 1555 974 1595 hostiliter
1005 1557 1187 1597 invadere
1225 1557 1448 1605 tentabant,
1491 1558 1679 1598 auxilium
1717 1558 1817 1597 ferre
1854 1558 2100 1611 pollicentur.
2145 1580 2194 1586 ——
2239 1558 2317 1598 Die
2355 1563 2577 1599 sanctorum

366 1625 527 1665 Fabiani
557 1630 597 1665 et
625 1626 851 1665 Sebastiani
880 1627 1092 1665 martirum.

760 1696 951 1729 Michelsen
975 1696 1238 1732 Nordfriesland
1263 1709 1294 1740 p.
1324 1697 1400 1730 192.

143 1775 198 1807 24.
232 1775 331 1807 Febr.
628 1768 782 1817 [ΞΗ-3.]
838 1768 1000 1808 Eamus
1045 1784 1112 1808 rex
1158 1770 1310 1809 Sveciae
1354 1775 1394 1810 et
1434 1771 1588 1810 Scaniae
1632 1769 1814 1811 abbatem
1847 1775 1887 1811 et
1922 1776 2157 1811 conventum
2194 1774 2423 1811 monasterii
2459 1772 2578 1812 Εενο-

368 1839 517 1877 mensis
545 1852 710 1878 unacum
738 1839 920 1878 onmibus
956 1838 1073 1878 bonis
1110 1854 1244 1878 eorum
1275 1840 1373 1879 infra
1410 1854 1528 1893 regna
1566 1855 1639 1880 sua
1675 1843 1905 1881 constitutis
1941 1842 2016 1881 sub
2053 1856 2166 1881 suam
2203 1844 2485 1896 protectionem
2514 1857 2578 1882 su-

367 1909 506 1960 scipit,
550 1910 678 1948 onmia
715 1909 798 1948 haec
835 1908 936 1948 bona
972 1923 995 1948 a
1033 1910 1301 1949 solutionibus
1331 1914 1371 1950 et
1408 1913 1585 1950 servitiis
1609 1913 1687 1964 juri
1718 1913 1825 1964 regio
1855 1912 2002 1952 debitis
2031 1912 2188 1958 liberat,
2232 1913 2489 1955 etemendas
2517 1913 2577 1952 vel

367 1977 441 2016 XL
471 1991 705 2026 marcarum,
744 1993 766 2017 a
796 1980 1106 2031 possessoribus
1136 1980 1329 2019 dictorum
1358 1980 1548 2020 bonorum
1579 1983 1658 2034 ipsi
1688 1982 1819 2021 forsan
1849 1987 2010 2036 propter
2039 1982 2183 2022 delicta
2212 1982 2444 2030 solvendas,
2474 1983 2577 2022 dicto

367 2049 607 2087 monasterio
638 2049 830 2087 concedit.
860 2072 912 2078 —-
942 2050 992 2089 In
1021 2059 1160 2089 castro
1188 2051 1534 2105 Hcelsynqburqh,
1567 2051 1631 2091 die
1660 2051 1765 2091 beati
1793 2052 1955 2092 Mathiae
1985 2053 2170 2106 apostoli.

758 2119 896 2151 Kierulf
916 2121 1040 2152 Esrom
1063 2120 1222 2153 Klosters
1248 2121 1338 2154 Hist.
1365 2132 1396 2164 p.
1421 2121 1570 2154 62—63.
1620 2122 1703 2154 Cod.
1728 2123 1864 2154 Est-om.
1890 2123 1951 2156 fol.
1977 2123 2071 2156 LXI.

139 2199 172 2231 6.
199 2199 331 2231 Martii.
629 2192 782 2241 [ΞΗ-1.]
842 2193 1101 2240 Cnffl‘mrml,
1145 2206 1299 2233 summ
1339 2207 1392 2232 Εἰ·
1433 2207 1639 2233 rra-manns
1675 2194 1861 2234 Nrcomr
1899 2196 2182 2236 chwARsoxn
2220 2209 2465 2244 (tr-:Tumque
2504 2210 2577 2236 mr:-

368 2273 513 2299 monns
545 2275 597 2300 ET
630 2275 909 2301 connruxrrms
940 2277 980 2301 ιΝ
1013 2269 1240 2302 PAnocfflrs
1269 2263 1447 2302 Lusum
1482 2277 1536 2303 ET
1567 2264 1665 2303 Hem
1695 2265 1732 2303 in
1763 2267 1964 2317 provincia
1994 2265 2242 2306 Thitmarciae
2273 2270 2487 2314 testantur,
2532 2281 2577 2306 se

368 2344 458 2369 cum
486 2331 649 2370 Nicolao
680 2333 871 2384 episcopo
903 2333 1146 2371 Slesvicensi
1184 2334 1352 2386 ejusque
1383 2333 1594 2386 oppidanis
1630 2335 1667 2372 in
1698 2335 1926 2374 Suaffstede
1963 2340 2003 2375 et
2039 2336 2184 2375 familia
2220 2335 2444 2389 ubicunque
2479 2339 2577 2384 sita,

368 2404 447 2439 tam
482 2414 552 2452 pro
589 2405 713 2440 morte
751 2401 904 2441 'Nicolai
942 2403 1196 2458 Ricwarsen,
1237 2416 1354 2456 quam
1392 2418 1462 2456 pro
1499 2402 1591 2442 aliis
1629 2405 1782 2451 causis,
1826 2405 1980 2457 plenam
2018 2407 2231 2444 amicitiam
2262 2410 2302 2444 et
2337 2406 2577 2445 foederatam

369 2470 630 2522 integritatem
660 2471 821 2511 fecisse.
852 2495 900 2500 —
928 2473 1118 2520 Lmzden,
1149 2474 1264 2512 tertia
1294 2473 1390 2512 feria
1418 2474 1595 2526 proxima
1623 2478 1719 2527 post
1749 2475 2004 2522 dominicam,
2035 2489 2111 2528 qua
2141 2479 2318 2514 cantatur
2348 2475 2464 2515 Oculi
2487 2478 2576 2516 mci.

762 2542 951 2574 Miclielsen
976 2543 1139 2575 Ditmars.
1164 2543 1439 2576 Urkundenbuch
1466 2554 1497 2586 p.
1523 2543 1671 2576 27—28.

153 2619 187 2653 9.
211 2619 342 2653 Martii.
632 2615 786 2663 [2415]
844 2614 970 2653 Erum
1002 2616 1220 2655 Svecorum
1251 2615 1550 2669 Gothorumque
1578 2618 1683 2669 regis
1721 2621 1761 2656 et
1797 2617 1943 2656 domini
1972 2617 2123 2656 Scaniae
2159 2617 2357 2657 literarum
2386 2620 2576 2671 epitome,

375 2680 517 2732 quibus
546 2682 661 2722 Petro
690 2683 902 2731 Eskilson,
932 2685 1111 2724 familiari
1143 2699 1237 2732 suo,
1269 2687 1416 2724 curiam
1447 2686 1664 2739 quandam,
1707 2687 1758 2725 ad
1785 2701 1916 2738 regem
1949 2688 2039 2738 jure
2075 2686 2321 2727 haereditario
2359 2687 2463 2728 dicto
2492 2688 2575 2728 Da-

376 2752 505 2800 naarf
532 2757 621 2803 post
652 2759 814 2792 mortem
846 2755 953 2793 Petri
981 2754 1191 2802 Eskilson,
1228 2756 1423 2808 quondam
1452 2756 1584 2794 villani
1622 2758 1659 2795 in
1689 2756 1935 2808 Malmiighe,
1979 2756 2152 2808 legaliter
2187 2757 2430 2805 devolutam,
2460 2758 2579 2798 donat

376 2823 562 2870 perpetuo
592 2823 887 2872 possidendam.
919 2846 968 2851 —
998 2824 1114 2863 Feria
1143 2830 1255 2864 sexta
1283 2827 1460 2878 proxima
1490 2830 1580 2864 ante
1610 2825 1844 2865 dominicam
1875 2825 2002 2864 Oculi.

764 2894 976 2935 Lagerbring
1000 2897 1089 2926 Svea
1113 2895 1222 2927 Rikes
1248 2894 1405 2927 Historia
1427 2896 1488 2928 111.
1515 2895 1685 2927 ›nl-45.

151 2971 199 3003 13.
225 2972 353 3003 Mai-tii.
639 2962 791 3011 [2416]
848 2965 990 3005 Literae
1018 2966 1167 3006 JAconr
1198 2967 1393 3006 FALSTER
1423 2969 1601 3006 canonici
1631 2966 1915 3006 Roskildensis
1945 2966 1993 3006 de
2023 2967 2153 3006 “facta
2188 2971 2476 3021 compositione
2505 2983 2577 3008 seu

381 3028 585 3067 concordia
625 3031 720 3068 inter
758 3037 1036 3075 monasterium
1073 3036 1218 3075 Esrom
1257 3050 1304 3075 ex
1339 3041 1449 3089 parte
1485 3051 1562 3075 una
1598 3041 1636 3076 et
1664 3036 1870 3075 Nicolaum
1899 3036 1980 3075 Pilt
2016 3040 2055 3076 et
2091 3037 2283 3077 Jacobum
2318 3039 2576 3079 Botildesson

381 3094 586 3135 bondones
618 3098 664 3137 de
694 3102 939 3156 Amundorp,
969 3104 1146 3145 haeredes
1177 3105 1393 3145 Thorberni
1423 3106 1652 3146 Paetherson
1683 3106 1732 3145 dc
1761 3105 1956 3158 Waeghhy
1983 3106 2093 3146 bonae
2130 3110 2348 3156 memoriae,
2391 3123 2438 3148 ex
2467 3112 2576 3162 parte

381 3165 523 3211 altera,
560 3179 676 3218 super
706 3168 863 3209 dimidia
893 3174 1049 3225 capitali
1078 3176 1280 3226 portione,
1311 3189 1426 3228 quam
1456 3176 1560 3215 idem
1589 3175 1840 3215 'Phor-bernus
1870 3176 1909 3215 in
1938 3178 2123 3217 extremis
2152 3177 2334 3218 laborans
2365 3179 2467 3219 dicto
2497 3192 2576 3218 mo-

384 3235 555 3273 nasterio
586 3235 794 3286 legas-‚seru
826 3261 874 3267 —
904 3240 945 3280 ln
977 3245 1148 3283 crastino
1178 3243 1284 3284 beati
1315 3244 1493 3296 Gregorii
1522 3258 1646 3297 papae.

772 3308 951 3350 Langebek
977 3312 1111 3355 scriptt.
1136 3314 1198 3346 lx.
1294 3339 1302 3347 .
1352 3314 1436 3347 Cod.
1460 3315 1596 3348 Esrom.
1623 3315 1682 3348 fol.
1709 3315 1870 3348 CXXVI.
