2649 3686
779 91 934 141 Koxe
970 91 1240 144 Crinisum
1276 112 1373 144 mm
1408 95 1617 146 Fons-re.
2205 102 2299 150 451

352 260 513 310 [3954]
570 262 766 310 Annam,
810 264 960 316 Hertug
996 268 1037 306 til
1075 267 1345 322 Schlcsswig,
1389 269 1558 308 asstaaer
1594 269 1750 309 Godset
1778 267 1983 321 Eckeberg
2011 270 2023 308 i
2051 270 2303 323 Struckstorp
2376 273 2491 313 1455.

93 332 200 384 Sogn
229 330 273 370 til
303 329 471 384 Capitlet
501 331 573 369 ved
602 331 839 373 Domkirken
871 337 881 374 i
912 337 1168 390 Schlcsswig.
2047 339 2303 391 (Plattydsk).

484 402 596 434 Noodt
619 400 779 444 Beitrfige
802 404 845 437 ll.
871 416 901 448 p.
930 405 1076 441 19—22.
1132 409 1203 442 Jsr.
1229 409 1456 453 IVestplialen
1481 411 1632 443 Menum.
1658 409 1745 442 ined.
1771 410 1832 443 lv.
1863 409 1967 442 ³188.
2002 419 2053 444 no.
2087 408 2142 441 68.
2167 408 2223 442 69.
2249 409 2304 443 71.

1032 538 1370 590 1455-1456,
2338 544 2559 587 1455—56.

352 629 512 679 [3955]
568 628 752 669 ΝιοοιΑι
789 631 978 680 wizam,
1024 636 1203 688 episcopi
1243 627 1526 685 slesvicensis,
1571 638 1746 677 sinulatio
1789 641 1828 677 ct
1867 635 2097 691 approbatio
2139 640 2305 690 quatuor

92 702 283 740 minorum
313 698 606 753 praebendarum
637 699 814 739 ecclesiae
843 702 1058 753 collegiata·
1088 705 1447 745 Hadcrslcviensis.

484 769 575 813 Epit.
600 769 633 802 in
660 769 993 806 swabsteder-Buch
1019 784 1072 816 ap.
1099 775 1300 818 Westphal.
1328 776 1389 808 1v.
1414 756 1516 810 aies.
1543 787 1596 810 no.
1622 778 1677 811 72.

1122 905 1264 956 1456.
2379 869 2513 959 1456.

352 998 512 1049 [3956]
571 998 711 1038 Literae
738 1000 1036 1052 protestationis
1067 1014 1265 1043 οΑΡιϊυω
1297 1004 1499 1045 Βινιῆκειε
1530 1004 1578 1044 de
1606 1005 1790 1058 parendis
1819 1004 2023 1057 rescriptis
2046 1003 2185 1043 Calixti
2213 1001 2305 1043 ΙΙΙιίἰ
2350 1004 2384 1037 6·
2417 1004 2518 1037 Febr·

91 1082 203 1123 papae
232 1083 303 1122 pro
332 1070 561 1122 provisione
591 1068 736 1108 domini
765 1069 918 1108 Alberti
948 1069 1251 1120 Krummedick,
1296 1076 1397 1113 sacri
1428 1075 1561 1127 palatii
1598 1076 1807 1127 apostolici
1836 1075 2001 1121 notarii,
2039 1073 2088 1112 ad
2117 1073 2305 1112 archidia-

90 1144 274 1180 conatum
303 1140 480 1180 ecciesiae
508 1138 700 1192 Ripensis
729 1139 853 1186 edita,
883 1153 954 1192 per
983 1140 1220 1182 Clementem
1250 1143 1445 1190 Matthiae,
1476 1145 1571 1183 aulae
1600 1144 1839 1198 episcopalis
1868 1143 2060 1197 Ripensis
2090 1142 2305 1189 officialem,

88 1210 292 1250 consectae.
324 1233 374 1238 —
403 1210 454 1250 In
483 1209 640 1250 ambitu
669 1210 855 1249 eeclesiae
885 1210 1098 1264 Ripensis,
1129 1212 1191 1251 dic
1220 1213 1406 1260 Veneris,
1437 1218 1550 1253 sexta
1579 1216 1728 1254 mensis
1753 1213 1967 1253 Februarii.

484 1281 659 1324 Terpager
683 1280 778 1324 Ripae
804 1280 931 1314 Cimbr.
957 1292 989 1324 p.
1018 1281 1184 1315 150—51.

351 1342 512 1393 [3957]
570 1341 856 1381 Ouarsa-maxx
896 1343 1003 1395 regis
1040 1343 1156 1382 literae
1187 1344 1237 1383 ad
1273 1344 1461 1384 Calistum
1498 1343 1661 1394 (lllfflffl')
1700 1358 1860 1398 papam,
1901 1343 2044 1397 quibus
2087 1342 2226 1383 turbas
2267 1344 2306 1383 in
2338 1351 2539 1386 Februario.

89 1412 288 1465 Norvegia
317 1417 357 1452 et
385 1411 530 1452 caedem
560 1412 738 1459 Torlavi,
769 1413 948 1465 episcopi
975 1412 1214 1465 Bergensis‚
1257 1414 1448 1467 pluraque
1478 1414 1577 1454 mala
1606 1415 1738 1461 resert,
1783 1414 1870 1453 iude
1900 1418 2003 1461 orta,
2045 1413 2150 1466 quod
2179 1414 2304 1453 virum

89 1484 333 1537 peregrinum
361 1481 569 1521 Henricum
600 1481 821 1534 Caldyssen
851 1482 1192 1536 archiepiscopum
1221 1483 1517 1523 Ndrosiensem
1548 1484 1708 1523 fecisset
1744 1484 2009 1536 praedecessor
2043 1485 2131 1537 ejus
2170 1483 2302 1532 (Nico-

89 1553 178 1593 laus
215 1554 415 1606 quintus),
444 1555 483 1591 et
510 1556 651 1606 postea
681 1566 753 1591 nec
789 1553 877 1604 ipse
914 1566 985 1591 ncc
1015 1552 1190 1592 Calistus
1221 1555 1518 1606 resignationem
1548 1555 1639 1607 ejus
1668 1554 1883 1607 approbare
1909 1554 2139 1593 voluissent.
2170 1575 2220 1582 —-
2253 1553 2302 1594 In

92 1631 232 1663 castro
266 1621 556 1664 Ordsenborch
585 1622 944 1676 (Vordinqborqq),
975 1637 1110 1662 mense
1140 1622 1365 1662 Februario.

484 1693 674 1734 Langebek
700 1693 841 1736 Scriptt.
868 1693 952 1726 Rer.
978 1694 1064 1725 Dan.
1089 1693 1185 1726 vul.
1210 1692 1380 1726 395-96.

351 1753 513 1804 [3958]
570 1754 863 1793 emusrmnm
895 1756 999 1807 regis
1029 1755 1146 1794 literae
1176 1755 1224 1794 ad
1254 1768 1410 1808 papam,
1442 1754 1583 1808 quibus
1611 1756 1853 1801 lamentatur,
1882 1754 2090 1794 Henricum
2110 1753 2299 1793 Kaldisen
2325 1754 2540 1790 Februario?

87 1827 170 1879 J‘am
199 1838 270 1878 per
298 1825 546 1877 septennium
575 1824 784 1864 ecclesiam
813 1824 1108 1864 Nidrosienscm
1139 1838 1331 1872 vexasse,
1373 1826 1646 1878 postulatque,
1692 1829 1733 1865 ut
1768 1838 1870 1878 papa
1907 1824 1954 1863 de
1991 1824 2064 1863 hac
2099 1839 2139 1864 re
2175 1825 2302 1876 provi-

90 1896 193 1935 deat.
225 1916 274 1923 —
304 1894 356 1934 In
385 1902 524 1935 castro
558 1894 807 1948 Ordinborq.

486 1965 675 2007 Langebek
700 1965 841 2008 Scriptt.
866 1967 948 1998 Ber.
974 1966 1063 1998 Dan.
1088 1965 1186 1998 VIII.
1211 1964 1382 1998 409—10.

351 2026 514 2078 [3959]
570 2026 689 2079 Kong
726 2027 997 2066 Cnmsmms
1034 2026 1294 2066 Bekraet'telse
1331 2040 1406 2080 paa
1444 2041 1493 2079 og
1527 2027 1743 2068 Udvidelse
1776 2026 1820 2066 at'
1853 2024 1900 2064 de
1936 2024 2207 2064 Rostockerne
2242 2024 2301 2063 til·
2330 2026 2382 2060 12.
2408 2026 2539 2059 Martii.

89 2099 251 2140 staaede
281 2096 676 2150 Handelsprivilegier
704 2098 717 2136 i
745 2097 899 2149 Norge,
926 2097 1083 2150 navnlig
1113 2098 1122 2136 i
1152 2097 1253 2137 Oslo
1285 2112 1335 2149 og
1364 2096 1581 2149 Tunsberg.
1618 2120 1666 2126 —-
1703 2094 1903 2142 Ros-took,
1948 2095 2038 2134 seria
2069 2099 2179 2134 sexta
2208 2098 2304 2147 post

89 2169 325 2214 dominicam,
351 2167 515 2207 Laetare.
2045 2163 2299 2217 (Plattydsk).

290 2243 293 2247 “
485 2237 652 2270 Rostock.
677 2236 857 2269 woclientl.
882 2238 1009 2270 Nachr.
1040 2237 1145 2277 1756,
1171 2238 1208 2269 S.
1234 2236 1382 2269 70—71.

352 2298 514 2349 [3960]
571 2298 865 2338 Caninii-:mu
895 2300 997 2351 regis
1026 2299 1155 2344 literae,
1183 2297 1329 2350 quibus
1351 2297 1551 2344 Marcello,
1582 2299 1774 2350 episcopo
1801 2295 2105 2341 Schalholtensi,
2135 2293 2185 2332 ad
2214 2295 2302 2332 vitae
2337 2297 2366 2329 Ι.
2392 2296 2534 2341 Aprilis.

90 2371 178 2411 dies
207 2370 328 2410 donat
356 2372 395 2409 et
424 2369 603 2408 inseudat
631 2368 800 2408 insulam
829 2367 1094 2407 Vestmanoer
1122 2369 1160 2406 in
1190 2366 1358 2406 lslandia
1389 2380 1474 2406 cum
1506 2367 1687 2405 omnibus
1711 2366 1892 2420 juribus,
1934 2363 2122 2404 reditibus
2151 2368 2190 2402 et
2217 2377 2301 2416 per-

90 2441 262 2482 tinentiis
293 2441 360 2479 “in
396 2439 601 2492 aliqualem
638 2451 934 2491 recompensam
963 2437 1132 2476 fidelium
1162 2450 1321 2475 suorum
1352 2436 1673 2489 obsequiorum'’‚
1717 2436 1870 2489 adjecta
1906 2434 2060 2473 licentia
2097 2433 2299 2479 omnibus,

91 2509 238 2563 quibus
273 2509 408 2556 vellet,
452 2510 537 2547 sive
576 2509 808 2548 domesticis
846 2509 931 2547 sive
966 2507 1198 2561 peregrinis,
1242 2506 1391 2545 reditus
1428 2520 1528 2545 suos
1563 2505 1771 2552 vendendi,
1816 2504 1925 2543 salva
1961 2508 2089 2542 tamen
2125 2502 2302 2542 libertate

90 2581 197 2632 regni
226 2583 266 2618 et
292 2580 422 2632 ipsius
453 2578 647 2618 Islandiae.
680 2602 725 2607 -
760 2577 810 2617 In
840 2586 979 2617 castro
1008 2577 1230 2627 Hafneusi,
1274 2575 1468 2614 dominica
1500 2575 1886 2627 Quasimodogeniti,
1930 2577 2067 2612 octava
2096 2573 2300 2612 dominica

90 2651 331 2700 resectionis
357 2649 459 2699 (sic;
490 2649 566 2700 leg.
599 2649 810 2688 dominica.²
837 2646 1181 2694 resurrectionis).

484 2719 672 2760 Langebek
696 2717 837 2761 Scriptt.
862 2719 944 2750 Ber.
969 2718 1057 2749 Dan.
1081 2714 1179 2748 VIII.
1203 2714 1283 2749 390.

351 2779 514 2829 [3961]
570 2779 900 2819 Cumsrn-:mvus
930 2790 996 2815 rex
1032 2775 1302 2815 Geminianum
1333 2773 1602 2821 Trivisanum,
1641 2774 1763 2813 “aulae
1801 2787 1883 2813 suae
1913 2772 2226 2812 contubernalem
2263 2777 2302 2813 et
2329 2780 2382 2814 13.
2408 2779 2549 2824 Aprilis.

89 2863 288 2903 procerem
317 2848 564 2895 semiferum,
596 2853 786 2887 oratorem
815 2851 853 2885 et
881 2846 1180 2886 ambasiator-em
1209 2845 1324 2897 pleno
1354 2843 1537 2882 mandato
1566 2843 1811 2890 suffultum”,
1840 2843 1890 2882 ad
1911 2842 2160 2882 Fredericum
2183 2844 2304 2895 impe-

92 2923 256 2958 ratorem
287 2920 406 2958 mittit
432 2932 520 2958 cum
551 2919 697 2964 literis,
727 2918 764 2955 in
794 2915 939 2970 quibus
967 2915 1093 2961 dolet,
1121 2927 1264 2966 papam
1295 2913 1385 2952 nihil
1415 2926 1577 2952 curasse
1606 2914 1818 2966 periculum
1847 2914 1952 2965 regni
1979 2917 2138 2966 propter
2166 2911 2302 2952 turbas

91 2991 128 3028 in
165 2988 383 3041 Norvegia,
426 2988 498 3028 sed
537 2989 696 3027 nuntios
732 3000 851 3033 suos,
898 2985 966 3024 diu
998 2986 1080 3038 jam
1118 2988 1232 3022 antea
1267 2997 1290 3023 a
1326 2982 1616 3035 praedecessore
1652 2984 1739 3035 ejus
1777 2986 1969 3029 retentos,
2012 2982 2153 3022 insecta
2181 2995 2302 3022 causa

91 3059 319 3106 dimisisse,
364 3060 482 3098 immo
518 3058 651 3097 literas
686 3055 986 3109 praedecessoris
1022 3053 1102 3099 sui,
1147 3065 1248 3104 quas
1285 3052 1478 3091 tollendas
1516 3064 1610 3090 esse
1645 3052 1948 3092 evidentissimis
1984 3051 2200 3092 rationibus
2238 3065 2302 3091 rex

91 3140 137 3166 se
169 3131 417 3167 monstrasse
453 3127 567 3175 dicit,
618 3130 723 3166 ratas
762 3125 930 3171 secisse3
981 3126 1092 3174 rogat
1126 3122 1258 3174 igitur,
1302 3126 1346 3160 ut
1380 3122 1589 3174 imperator
1624 3121 1716 3160 velit
1749 3134 1890 3174 papam
1919 3125 1959 3160 et
1987 3121 2205 3161 cardinales
2236 3135 2303 3176 per

92 3197 312 3250 imperiales
341 3197 533 3251 epistolas
562 3196 786 3248 accuratius
814 3193 1033 3232 informare.
1067 3214 1116 3220 —
1146 3191 1194 3231 In
1225 3198 1364 3230 castro
1396 3188 1689 3244 copenhaven,
1720 3191 1810 3231 idus
1838 3191 2003 3244 Aprilis.

486 3265 672 3308 langebek
700 3263 841 3307 Scriptt.
866 3264 948 3296 Ber.
973 3263 1058 3295 Dan.
1084 3261 1179 3295 vlu.
1203 3259 1374 3294 365—37.

1966 3326 2039 3365 57·
