2649 3686
342 284 392 331 V
400 284 477 333 III
1256 287 1578 334 Praefatio.

280 444 404 489 quem
439 428 497 470 tir
532 428 684 487 optime
721 426 770 469 dc
808 426 882 468 hoc
916 424 1143 467 litterarum
1178 435 1333 480 genere
1369 420 1569 478 meritus,
1625 416 1891 479 Gatterer,
1935 418 1988 463 ad
2022 426 2257 479 temporum
2294 422 2481 466 ordinem

282 518 332 561 ab
370 517 484 560 initio
520 516 660 560 saeculi
703 512 805 559 16111i
840 513 890 556 ad
926 528 961 556 a.
995 510 1118 556 1798
1153 509 1361 568 digestum
1392 508 1520 552 edidit
1555 504 1626 568 [in
1662 507 1790 567 libro,
1828 508 1898 569 qui
1933 508 2195 553 inscribitur:
2242 509 2480 554 Praktische

277 605 556 666 Diplomatik,
595 605 734 649 Goett.
777 599 911 657 1799,
949 615 988 658 p.
1030 595 1278 658 199-259]
1313 624 1380 630 —
1415 603 1458 641 et
1492 604 1631 640 tamen
1666 604 1821 658 quanta
1856 604 2002 658 postea
2036 598 2142 642 facta
2177 598 2358 643 accessio
2394 599 2479 643 est!

275 719 339 726 —
376 709 523 751 nemo,
570 707 695 752 quum
732 690 927 734 librorum
962 702 1183 731 numerum
1219 686 1444 731 admiratus
1482 686 1628 745 suerit,
1675 686 1901 747 dubitabit,
1946 687 2045 748 quin
2081 687 2284 732 historicis
2321 688 2480 732 instru—

277 791 438 829 mento·
463 783 599 842 aliquo
645 795 746 839 opus
793 778 867 833 sit,
921 776 1033 836 quod
1076 782 1118 820 et
1161 775 1362 819 infinitam
1399 773 1669 835 diplomatum
1706 777 1863 837 copiam
1899 777 1977 822 sub
2015 778 2176 822 facilem
2210 784 2479 838 conspectum

276 872 449 916 adducat
492 878 531 914 et
574 869 622 913 ad
669 883 746 923 ea,
802 880 892 925 quae
934 864 1104 924 singulis
1151 864 1359 924 praecipua
1395 864 1707 923 contineantur,
1761 866 2053 925 cognoscenda
2089 866 2246 911 aditum
2280 867 2478 927 praebeat.

278 963 426 1020 ltaque
463 966 508 1003 ut
546 955 778 1016 hujusmodi
814 955 1084 998 instrumenta
1122 959 1393 1014 pararentur,
1441 954 1527 1014 jam
1564 954 1781 1015 superiore
1817 957 1969 1001 saeculo
2005 956 2173 1017 quidam
2207 956 2479 1017 diplomatum

276 1051 585 1107 litterarumque
631 1043 909 1104 publicarum,
955 1057 1047 1102 quae
1091 1042 1142 1087 ad
1183 1050 1394 1087 certorum
1435 1059 1685 1104 regnorum,
1735 1051 1965 1104 terrarum,
2010 1046 2364 1106 provinciarumve
2407 1046 2477 1089 hi-

273 1137 437 1181 storiam
483 1134 764 1194 pertinerent,
818 1130 971 1175 indices
1015 1131 1067 1175 ad
1105 1139 1343 1192 temporum
1389 1112 1575 1178 ordinem
1619 1133 1827 1178 confectos
1875 1142 2155 1196 excerptaque
2199 1142 2242 1180 et
2277 1136 2477 1196 epitomas

275 1226 528 1284 collegerunt
555 1229 597 1266 et
623 1219 855 1279 ediderunt,
896 1221 1014 1266 variis
1041 1221 1277 1266 nominibus
1304 1222 1368 1266 usi
1379 1238 1390 1281 3
1427 1238 1522 1267 nam
1549 1223 1651 1268 alius
1678 1231 1885 1283 reyes-ta
1907 1224 2237 1283 diplomatica
2257 1223 2477 1283 inscripsit,

272 1315 372 1358 alius
408 1315 768 1368 inventarium,
815 1309 918 1354 alius
962 1309 1291 1356 directorium
1333 1310 1723 1370 diplomaticum.
1794 1314 1955 1359 Primus
1990 1313 2226 1374 hujusmodi
2261 1312 2477 1358 consilium

270 1400 330 1447 P.
364 1398 643 1461 Geotyiscli
682 1405 903 1444 exsecutus
941 1406 1005 1444 est
1041 1399 1152 1445 edito
1189 1415 1316 1460 opere
1351 1407 1450 1446 noto
1486 1408 1611 1463 atque
1649 1403 1883 1448 etiamnunc
1918 1404 2115 1465 perutili,
2169 1402 2283 1465 quod
2318 1402 2375 1447 sic
2409 1402 2478 1446 in-

269 1491 456 1552 scripsit:
525 1488 755 1550 Reqesta
793 1487 1152 1549 chronoloyico
1174 1517 1199 1524 -
1222 1488 1582 1551 difflomatica,
1638 1499 1690 1538 in
1727 1492 1907 1556 quibus
1942 1499 2282 1539 recensentur
2318 1498 2477 1537 omnis

260 1587 469 1639 yeneris
503 1587 818 1626 monumenta
857 1587 905 1625 et
940 1579 1240 1625 documenta
1273 1582 1505 1642 publica,
1543 1596 1716 1628 rerum
1749 1567 2014 1643 proecipue
2053 1580 2475 1629 Germanicarum

263 1669 515 1728 prcesiclia
552 1667 619 1730 (a.
662 1667 970 1725 1740-1744,
1015 1668 1047 1715 4
1081 1671 1356 1717 voluminibus
1393 1673 1537 1717 formae
1573 1671 1809 1735 maximae).
1880 1675 1925 1718 In
1962 1674 2042 1718 hoc
2076 1689 2229 1734 opere,
2273 1672 2473 1733 praeclaro

266 1758 512 1803 admirabilis
557 1758 778 1818 diligentiae
822 1768 864 1805 et
907 1762 1058 1814 laboris
1097 1759 1381 1821 documento,
1435 1763 1657 1823 diplomata
1693 1763 1924 1823 litteraeque
1961 1763 2136 1824 publicae
2172 1763 2225 1808 ad
2259 1761 2471 1808 historiam

268 1849 497 1893 Germaniae
526 1851 796 1910 pertinentes,
834 1857 922 1895 toto
951 1851 1112 1912 imperii
1148 1867 1322 1911 corpore
1359 1853 1677 1913 comprehenso,
1714 1852 1765 1897 ad
1800 1868 2002 1898 annorum
2038 1852 2284 1914 dierumque
2320 1852 2472 1897 seriem

265 1946 562 1983 enumerantur
597 1941 648 1985 ab
685 1941 975 2002 antiquissimis
1011 1941 1269 2001 temporibus
1305 1958 1438 2004 usque
1474 1942 1524 1987 ad
1560 1958 1596 1987 a.
1631 1941 1787 2001 1730,
1824 1941 2134 2005 indicaturque,
2188 1944 2338 2005 quibus
2373 1943 2471 1987 locis

264 2028 369 2088 typis
407 2029 609 2089 exscripta
644 2029 867 2090 diplomata
901 2031 1177 2091 reperiantur.
1250 2032 1483 2078 Subsecuta
1519 2039 1615 2077 sunt
1651 2040 1691 2078 et
1727 2034 1803 2078 hoc
1829 2040 2035 2096 tanquam>
2056 2034 2292 2094 exemplum
2316 2032 2472 2077 imitata

264 2117 340 2160 alia
377 2118 587 2178 complura
627 2135 752 2179 opera
790 2119 939 2164 eodem
975 2121 1099 2166 modo
1135 2120 1356 2182 descripta,
1393 2122 1469 2167 sed
1503 2123 1610 2166 intra
1645 2124 1908 2182 angustiores
1946 2123 2065 2168 fines.
2138 2125 2331 2178 Quorum
2357 2129 2470 2168 tem-
2512 2131 2516 2134 ’

263 2222 362 2265 pore
397 2208 628 2267 proximum
669 2205 1222 2274 01¹12·.Sch0ettyen2·us,
1259 2212 1504 2272 theologus,
1541 2211 1689 2269 edidit,
1727 2227 1820 2257 cum
1856 2213 2072 2272 superiore
2098 2212 2167 2257 illo
2194 2219 2281 2258 tota
2308 2212 2469 2258 ratione

263 2310 307 2339 ac
342 2296 471 2340 forma
508 2312 764 2357 congruens:
819 2296 1176 2345 Ince7itm·i·nm
1213 2299 1587 2359 diplomaticum
1624 2298 1855 2348 historice
1891 2299 2147 2348 Saoeom‘ae
2180 2308 2470 2361 superioris

264 2383 388 2430 oder
431 2382 787 2434 I'e1·ze1·cl2m·ss
825 2389 981 2435 εἶπεν
1025 2386 1306 2435 Urlmnden
1343 2389 1438 2436 der
1474 2388 1707 2436 'Historia
1742 2405 1842 2437 von
1883 2388 2312 2446 Uber-Saclzsen,
2358 2398 2467 2448 etc„

264 2473 424 2519 sot-iel
469 2475 622 2521 dervi·
668 2485 727 2522 im
774 2477 1101 2540 offentlicleen
1140 2477 1325 2525 Druck
1367 2495 1433 2526 zu
1469 2478 1636 2526 haben
1684 2479 1831 2542 (Halae
1873 2479 2020 2540 1747,
2072 2479 2192 2542 fot).
2277 2485 2385 2528 Nam
2427 2488 2469 2526 et

268 2564 495 2623 Georgisch
533 2573 573 2610 et
610 2567 927 2627 Schoettgenius
964 2585 1220 2630 eorumque,
1276 2571 1345 2631 qui
1379 2578 1604 2632 utrumque
1640 2572 1770 2617 secuti
1805 2579 1922 2631 sunt,
1965 2571 2096 2631 major
2129 2587 2223 2632 pars
2261 2572 2300 2616 in
2336 2588 2466 2632 argu—

265 2653 411 2696 mentis
455 2653 721 2714 diplomatum
764 2657 1079 2720 litterarumque
1126 2660 1384 2719 publicarum
1427 2661 1532 2721 typis
1579 2662 1878 2723 exscriptarum
1913 2662 2138 2707 indicandis
2173 2662 2463 2708 substiterunt.

267 2742 417 2785 Nostro
464 2741 629 2787 demum
671 2746 808 2790 seculo
851 2728 1087 2807 hujusmodi
1130 2750 1310 2794 historiae
1346 2750 1750 2810 instrumentorum,
1801 2767 1980 2812 quorum
2015 2759 2181 2795 centum
2217 2752 2342 2810 anni,
2396 2753 2465 2813 qui

269 2828 373 2871 inter
406 2838 568 2888 regesta
606 2834 802 2879 Saxonica
839 2837 1124 2897 Schoettgenii
1160 2839 1269 2884 edita
1300 2846 1347 2883 et
1381 2846 1522 2884 nostra
1557 2846 1745 2901 tempora
1770 2839 1972 2899 interjecti
2000 2846 2119 2884 sunt.
2156 2855 2239 2884 non
2266 2841 2462 2901 exiguum

270 2931 484 2961 numerum
520 2921 714 2978 tulerunt,
752 2925 854 2969 ratio
890 2934 1014 2987 atque
1051 2928 1284 2973 institutum
1321 2929 1438 2973 variis
1474 2929 1607 2973 modis
1642 2930 1792 2974 mutari
1828 2937 1870 2974 et
1895 2927 2131 2989 amplificari
2158 2938 2355 2991 coeptum
2382 2938 2459 2977 est.

270 3004 314 3046 ln
359 3020 443 3065 quo
480 3021 631 3063 genere
668 3012 939 3059 nominandus
976 3023 1039 3060 cst
1072 3017 1132 3061 vir
1165 3017 1414 3062 clarissimus
1449 3014 1500 3061 J.
1543 3015 1597 3062 C.
1635 3016 1906 3077 Adeluny,
1945 3019 2014 3080 qui
2050 3034 2153 3079 opus
2189 3019 2268 3079 iis,
2315 3021 2384 3081 qui
2420 3021 2461 3065 in

270 3091 434 3135 historia
468 3100 670 3141 terrarum
707 3100 997 3148 Saxonicarum
1034 3105 1263 3163 elaborant,
1302 3106 1564 3152 utilissimum
1592 3108 1764 3167 paravit,
1801 3106 1911 3151 edito
1949 3107 2225 3154 director-io
2264 3124 2366 3168 suo3
2403 3110 2461 3154 sic

269 3180 377 3224 enim
414 3181 615 3241 inscripsit
654 3182 1042 3246 (Direclorium,
1081 3193 1129 3238 d.
1159 3201 1205 3253 ιζ,
1245 3192 1695 3255 chronoloyisehes
1729 3193 2085 3243 Verzeielmiss
2115 3197 2209 3242 cler
2241 3194 2459 3255 Quellen

269 3267 362 3312 der
390 3264 881 3322 Sild-Sc't'chm‘sclien
911 3276 1209 3327 Geschwhte
1237 3280 1369 3343 ete).
1437 3285 1531 3328 Hoc
1558 3284 1626 3328 ille
1651 3284 1757 3330 libro
1783 3285 1970 3330 ordinem
1998 3301 2202 3333 annorum
2227 3289 2277 3334 ab
2304 3304 2341 3333 a.
2361 3285 2459 3335 804

268 3356 317 3400 ad
353 3372 389 3401 a.
422 3356 543 3404 1536
581 3368 745 3405 secutus
781 3364 958 3411 subsidia
996 3370 1127 3415 omnis
1162 3372 1327 3430 generis
1362 3372 1545 3417 historiae
1580 3379 1784 3420 terrarum
1813 3376 2109 3421 Saxonicarum
2136 3377 2456 3423 meridianarum
