2649 3686
706 150 861 199 l(oxG
898 150 1243 202 [Ruusronrssn
1278 169 1376 202 Dux
1409 152 1612 202 JKNDEN.
2164 162 2259 210 251

315 319 472 368 [2087]
529 319 653 369 Brev,
699 326 740 361 at
767 322 890 363 Knun
920 325 1040 366 Fnus
1070 326 1222 365 Ridder
1250 340 1301 379 og
1328 325 1488 365 Hammo
1518 325 1715 366 Penssiin
1750 327 1918 380 kjendes
1955 332 1995 368 at
2031 329 2129 369 have
2158 332 2260 371 Fris-

55 390 146 430 land
174 390 220 430 as
242 388 362 442 Kong
392 389 627 430 Christoffer
657 406 707 444 og
745 392 846 432 hans
876 394 957 434 Stin
987 395 1105 447 Kong
1133 394 1250 443 Erik,
1292 410 1342 448 og
1378 397 1465 436 iove
1501 396 1578 436 ved
1612 396 1728 436 ‹lert-s
1766 397 1867 449 gode
1904 397 2027 445 Troe,
2069 404 2109 439 at
2144 401 2192 441 de
2229 404 2264 441 ei

54 459 144 500 ville
173 459 268 500 eller
297 459 424 499 skulle
453 459 583 512 bygge
615 466 733 513 noget
760 462 889 503 anste
919 465 1012 504 eiler
1041 466 1130 504 Slot
1159 466 1169 504 i
1201 465 1411 506 sornaevnte
1440 465 1567 506 Laud.

448 531 562 572 Udtog
586 530 596 563 i
622 532 811 565 Michelsen
836 535 1096 567 Nordsriesland
1124 547 1155 578 p.
1182 535 1260 568 283.

1086 666 1231 716 1332.

318 757 476 808 [2088]
533 759 870 812 Forligs-Traktat
903 762 1058 801 mollem
1097 762 1203 802 Grev
1242 762 1453 803 Gssnfflmn
1491 764 1502 802 i
1537 762 1730 802 Holsteen
1771 777 1821 816 og
1849 763 1898 803 de
1928 764 2077 805 ‹lanske
2106 765 2266 818 Konger

59 829 366 870 Cuius-ronan
398 843 448 881 og
476 828 607 876 Enni,
651 830 822 870 hvorved
860 831 908 870 de
949 832 1076 871 sidste
1116 832 1298 885 sorpligte
1336 834 1400 885 sig
1437 833 1480 872 til
1518 837 1558 872 at
1586 837 1795 887 pantsaette
1827 835 1979 874 Greven
2010 835 2097 875 hele
2127 836 2266 877 Nssrre-

56 888 214 952 iniand
240 913 290 952 og
318 899 450 951 Fyen,
481 913 531 938 m.
561 914 612 938 m.
671 901 773 949 (Den
803 901 847 940 as
872 901 1025 941 Greven
1054 902 1239 942 udstedte
1269 902 1490 957 Gjenpart).
1521 926 1569 931 -
1598 903 1710 952 Kile,
1742 903 1814 942 des
1843 904 2100 957 vrigedaghes
2123 906 2265 946 binnen

56 969 135 1010 den
164 969 281 1009 achte
310 969 465 1022 daghen
497 974 539 1008 tu
568 971 755 1010 twelsten.
805 974 807 977 “
2003 974 2265 1029 (l’lattydsk).

452 1040 557 1072 Suhm
573 1040 662 1072 nist.
678 1042 717 1072 at=
728 1042 874 1074 Danmk.
888 1043 966 1074 ΧΠ.
980 1041 1150 1074 383-86.
1187 1041 1375 1075 Michelsen
1388 1042 1768 1085 Urkundensammlung
1788 1044 1832 1076 11.
1848 1054 1901 1077 no.
1914 1046 2060 1078 Lxxn.
2075 1057 2106 1088 p.
2117 1046 2264 1080 82—81.

320 1099 476 1149 [2089]
534 1101 669 1141 Frater
698 1102 939 1149 JOHANNES,
970 1105 1221 1142 miseratione
1245 1103 1377 1142 divina
1401 1105 1617 1157 episcopus
1639 1105 1936 1153 Roskiidensis,
1961 1106 2092 1146 abbati
2116 1112 2156 1147 et
2178 1123 2267 1147 con-

58 1171 191 1211 ventui
234 1171 271 1210 in
313 1169 458 1210 Esrom
501 1171 737 1210 “ecclesiam
780 1172 1055 1225 Esbiirnthorp
1098 1187 1167 1225 per
1208 1176 1373 1212 mortem
1417 1173 1562 1212 domini
1604 1174 1814 1214 Michaelis
1856 1176 2077 1228 presbyteri
2121 1177 2266 1218 dudum

55 1242 222 1281 rectoris
266 1240 449 1294 ejusdem
488 1240 537 1280 de
574 1241 677 1281 sacto
716 1246 755 1281 et
792 1242 841 1281 de
872 1243 963 1294 jure
995 1242 1246 1295 adpraesens
1277 1243 1526 1290 vacantem’n
1569 1243 1738 1291 confert,
1781 1245 2020 1285 “eorundem
2061 1246 2265 1300 (eandem)

56 1311 218 1366 praesato
254 1312 496 1350 monasterio
534 1325 622 1351 cum
660 1312 843 1351 omnibus
882 1313 969 1350 suis
1002 1312 1159 1364 juribus
1192 1312 1391 1351 fructibus
1420 1316 1460 1352 et
1489 1314 1738 1365 pertinentiis
1768 1319 2045 1363 annectentes,
2086 1317 2197 1356 salvo
2228 1319 2265 1356 in

59 1381 242 1422 omnibus
268 1382 357 1434 jure
386 1385 524 1421 nostro
559 1385 599 1420 et
628 1385 847 1420 nostrorum
880 1382 1102 1421 officialium
1132 1386 1249 1434 atque
1280 1383 1447 1422 omnium
1486 1387 1706 1421 nostrorum
1745 1386 2061 1424 successorum''.
2097 1409 2150 1414 —-
2192 1387 2268 1427 “ln

59 1454 175 1493 curia
201 1459 347 1492 nostra
372 1451 572 1503 Drauyll'
604 1450 971 1502 (Drauqsholnae),
1015 1452 1106 1490 seria
1137 1452 1311 1490 secunda
1341 1457 1431 1491 ante
1469 1452 1571 1491 diem
1602 1454 1915 1492 annunciationis
1943 1459 2088 1494 sanctae
2116 1455 2264 1495 Mariae.

448 1521 636 1562 Langebek
662 1520 800 1563 Scriptt.
826 1522 888 1553 IX.
982 1545 990 1553 .
1040 1522 1122 1554 Cod.
1149 1522 1282 1553 Esrom.
1310 1521 1369 1554 fol.
1397 1520 1589 1555 cxmulb.

320 1582 474 1631 [2090]
534 1582 774 1626 Gnmmnm,
803 1583 961 1621 comitis
987 1582 1176 1621 Holsatiae
1201 1586 1239 1621 et
1255 1584 1491 1630 Stormariae,
1521 1584 1761 1622 confirmatio
1790 1584 2094 1636 privilegiorum,
2124 1599 2146 1625 a
2175 1600 2266 1638 rege

60 1654 208 1702 Abele,
232 1652 494 1709 ¹Waldemaro
525 1655 564 1691 et
592 1652 681 1691 aliis
712 1651 801 1691 olim
832 1652 986 1694 civjbus
1016 1651 1352 1692 Sleswicensibus
1381 1666 1675 1692 concessorum.
1707 1675 1755 1681 —
1790 1653 2014 1707 Gottorpe,
2059 1656 2096 1694 in
2127 1659 2264 1694 octava

59 1714 329 1780 apostolorum
358 1721 468 1762 Petri
498 1725 539 1761 et
567 1721 694 1761 Pauli.

451 1793 563 1825 Noodt
586 1792 747 1835 Beitrfige
771 1793 797 1825 I.
822 1803 854 1835 p.
883 1792 1050 1824 173-74.

322 1853 479 1904 [2091]
536 1854 843 1894 HELannEnm
875 1854 1053 1906 episcopi
1083 1853 1354 1892 Siesvicensis
1392 1853 1681 1902 testimonium,
1725 1869 1770 1894 se
1801 1857 2088 1908 oppignorasse
2118 1855 2264 1896 Sisrido

59 1925 283 1968 Sehestede
321 1924 499 1964 decimas
536 1938 634 1963 suas
670 1923 919 1977 episcopales
957 1937 1044 1962 cum
1083 1922 1265 1962 omnibus
1302 1922 1408 1961 viliis
1444 1923 1481 1960 in
1517 1923 1702 1975 parochia
1733 1925 1880 1977 Siseby
1908 1940 1978 1978 pro
2014 1926 2093 1964 <250
2121 1928 2266 1965 marcis

58 1997 307 2037 denariorum
335 1994 654 2041 Lubecensium,
685 2007 784 2047 quas
812 1992 1022 2046 praedictus
1052 1992 1224 2031 Sifridus
1255 1993 1291 2030 in
1322 1995 1494 2030 castrum
1525 1993 1677 2032 Stubbe
1708 1998 1747 2032 et
1785 1995 1861 2033 alia
1891 1996 2116 2034 necessaria
2145 1995 2268 2034 eccle-

60 2069 131 2108 siae
160 2066 408 2106 Slesvicensi
439 2064 696 2116 impenderat.
728 2085 776 2091 —
808 2063 855 2102 In
886 2070 1025 2102 castro
1055 2062 1345 2108 Smavestede,
1376 2061 1440 2100 die
1468 2061 1507 2100 b.
1536 2062 1670 2102 Luciae
1701 2065 1874 2115 virginis.

452 2134 688 2177 westphalen
714 2135 862 2165 Monum.
888 2132 975 2164 ined.
1001 2133 1061 2165 IV.
1086 2131 1188 2163 3182.
1215 2142 1269 2163 no.
1298 2131 1348 2163 13.
1642 2130 1646 2139 ’

322 2195 478 2244 [2092]
535 2196 730 2246 Forening
759 2193 925 2233 imellem
954 2193 1107 2244 Biskop
1138 2193 1372 2231 Amsancfl'r
1404 2191 1698 2242 (Hellembert)
1737 2194 1781 2232 as
1810 2194 1970 2246 Slesvig
2004 2209 2054 2247 og
2083 2195 2267 2234 Gessa-

59 2279 226 2307 mmcm·
253 2254 468 2318 tiiligemed
506 2264 611 2304 Grev
641 2264 850 2303 Genuam)
894 2263 938 2302 af
960 2263 1171 2308 Holsteen,
1216 2274 1278 2300 om
1309 2264 1350 2299 at
1376 2260 1608 2314 Biskoppen
1647 2262 1786 2302 skulde
1817 2277 1914 2302 vaere
1943 2264 2094 2315 Hertug
2123 2263 2266 2303 Valde-

60 2350 143 2376 mar
171 2336 216 2375 af
240 2336 401 2387 Slesvig
431 2349 481 2388 og
510 2334 616 2374 Grev
645 2334 822 2374 Gerhard
862 2337 945 2372 troe
981 2331 1071 2371 med
1108 2333 1162 2370 sit
1191 2331 1279 2370 Slot
1309 2330 1594 2380 Schwabsted,
1638 2336 1742 2371 samt
1779 2334 1867 2384 give
1901 2333 1988 2372 dem
2023 2334 2124 2372 1000
2153 2333 2266 2372 Mark

60 2406 184 2459 liidigt
211 2405 310 2446 Solv
338 2405 446 2444 imod
475 2408 516 2444 at
543 2405 646 2457 nyde
677 2404 792 2443 deres
820 2402 1090 2456 Beskyttelse.
1537 2434 1540 2435 γ
2079 2402 2265 2454 (Τᾶ-(Ῑειζ),

453 2474 686 2517 Westphalen
711 2476 860 2505 Monum.
885 2471 973 2504 ined.
999 2472 1061 2504 IV.
1086 2471 1188 2503 3183.
1214 2480 1268 2503 no.
1296 2469 1349 2503 14.

325 2536 480 2585 [2093]
540 2536 735 2575 “petitio’‘
773 2534 967 2586 (Indla’q)
1005 2531 1195 2584 producta
1231 2544 1362 2570 coram
1391 2530 1562 2570 Ludolso
1593 2530 1642 2570 de
1669 2530 1856 2577 Bulowe,
1899 2531 2175 2571 archidiacono
2205 2547 2266 2572 ec·

61 2607 194 2647 clesiae
225 2606 473 2653 Sundensis,
503 2606 554 2645 ad
582 2604 824 2659 probandum
850 2604 919 2656 jus
948 2601 1095 2639 domini
1123 2600 1447 2652 Magnopolensis
1477 2604 1516 2639 et
1545 2600 1786 2664 dominorum
1816 2600 1865 2639 de
1893 2601 2048 2647 VVerle,
2078 2602 2143 2640 “in
2172 2615 2265 2654 prae-

61 2677 257 2718 sentando
287 2676 338 2716 ad
375 2676 585 2715 ecclesiam
618 2676 656 2714 in
687 2673 878 2721 Sundis’';
921 2671 1063 2710 dicitur
1091 2670 1269 2708 nimirum
1301 2669 1660 2710 Cnmsropnonus
1690 2670 1888 2709 Danorum
1918 2684 1983 2709 rex
2013 2675 2052 2709 et
2082 2671 2266 2710 dominus

61 2746 210 2800 pheodi
238 2747 480 2800 principatus
510 2746 764 2798 Ruyanorum
795 2755 866 2781 eos
894 2741 970 2780 hoc
1007 2740 1229 2792 principatu
1264 2738 1513 2786 infeudasse‚
1558 2743 1598 2779 et
1633 2754 1680 2780 eo
1718 2741 1807 2793 ipso
1839 2740 1927 2792 jure
1963 2744 2193 2793 patronatus
2229 2742 2267 2779 in

62 2815 274 2856 eeclesiam
303 2815 568 2855 Sundensem.
598 2837 648 2843 —
682 2814 777 2852 Sine
806 2825 918 2850 anno.

456 2885 628 2919 Schrader
650 2882 782 2926 Papist.
807 2880 978 2914 Meklenb.
1005 2881 1099 2911 Tom.
1124 2878 1168 2911 11.
1193 2888 1225 2921 p.
1249 2877 1444 2912 3121-23.

1087 3007 1232 3057 1333.

325 3119 481 3169 [2094]
537 3118 681 3158 Literae
711 3116 964 3161 Swnmoms,
1010 3113 1243 3153 Arusiensis
1280 3111 1480 3164 episcopi,
1525 3110 1668 3164 quibus
1704 3111 1893 3160 Mathaeo,
1935 3114 2055 3167 priori
2090 3113 2269 3154 Randru·

63 3191 212 3238 siensi,
253 3190 410 3243 plenam
439 3188 622 3229 concedit
649 3185 938 3228 auctoritatem,
981 3185 1024 3220 ut
1054 3181 1229 3235 quaedam
1259 3179 1383 3227 bona,
1427 3181 1464 3219 in
1495 3179 1612 3220 Roxii
1649 3185 1689 3221 et
1723 3181 1920 3223 Halherrit
1955 3184 2054 3231 sita,
2096 3184 2268 3238 capitulo

63 3259 276 3299 Arusiensi
304 3262 450 3300 scotet.
479 3280 528 3286 -
564 3249 736 3309 Ostorp,
767 3255 804 3293 iu
834 3256 972 3292 octava
1001 3251 1180 3304 corporis
1202 3249 1367 3290 Christi.

458 3326 646 3370 Langebek
671 3323 810 3368 Scriptt.
835 3323 895 3356 vl.
920 3320 997 3354 471.

1935 3385 2007 3426 32*

2331 334 2449 375 1331.

2333 689 2447 729 1332.

2294 772 2345 805 10.
2381 775 2520 806 Jnnuar.

2291 1110 2347 1143 23.
2373 1111 2500 1145 Martii.

2313 1586 2346 1619 6.
2380 1587 2477 1621 sulii.

2293 1862 2345 1896 13.
2378 1863 2498 1897 Decbr.

2339 3019 2456 3060 1333.

2308 3114 2360 3148 10.
2385 3116 2492 3150 Junii.
