2649 3686
362 133 519 182 Koxo
554 133 846 184 VALDEMAR
883 154 979 186 mex
1014 137 1219 204 ANDEN.
1288 138 1445 188 Koxo
1479 139 1610 188 Eun<
1647 139 2021 191 Pnovmzxmxo.
2207 148 2302 197 107

339 306 470 355 [801.]
530 306 748 348 Gnmonu
779 309 909 359 (lxni)
939 325 1051 366 papae
1081 313 1128 353 ad
1159 312 1502 367 archiepiscopum
1535 311 1791 352 Lundenscm
1829 317 1868 352 et
1903 314 2175 366 suffraganeos
2212 320 2302 371 ejus
2376 322 2490 362 1210.

77 379 216 423 literae,
255 375 402 430 quibus
433 378 481 416 iis
511 378 693 425 mandat,
734 383 777 418 ut
807 382 977 434 populos
1008 384 1058 422 iis
1089 383 1301 437 subjectos
1330 383 1379 423 ad
1409 382 1698 436 expeditionem
1728 384 1939 422 cruciatam
1969 390 2103 424 contra
2127 386 2302 427 infideles
2333 389 2382 422 Η.
2417 393 2535 424 Decbr.

77 447 284 488 Estoniam
314 447 554 486 infestantes
584 447 850 489 exhortentur.
882 473 933 481 —
963 453 1193 503 Laterani,
1224 453 1339 493 XlX.
1371 454 1521 493 calend.
1551 453 1747 497 Januarii‚
1777 454 1915 506 pontis.
1947 469 2047 494 anno
2077 455 2185 495 XIV.

467 518 640 561 Raynald.
669 519 804 552 Contin.
830 523 953 555 Baron.
981 525 1022 556 ad
1049 535 1126 557 nnn.
1156 524 1254 557 1210.
1279 525 1448 557 XXXIV.
1476 525 1572 556 Tom.
1599 524 1641 556 11.
1668 534 1699 566 p.
1727 522 1807 556 215.

333 578 464 628 [802]
523 579 687 619 Aur-ms
718 581 831 622 ducis
859 585 976 624 Jutiae
1008 587 1149 631 literae,
1195 585 1340 639 quibus
1378 586 1580 626 confirmat
1616 585 1817 638 privilegia
1855 586 2041 626 fratribus
2077 592 2300 629 monasterii

72 650 198 691 sancti
229 648 371 690 Canuti
403 647 658 689 Othiniensis
688 655 802 691 antea
834 653 934 693 data.
966 677 1016 683 —
1048 658 1144 695 Sine
1175 671 1289 696 anno.

467 719 657 752 Thorkelin
690 721 916 765 Diplomatar.
949 728 1191 768 Arna-Magn.
1227 727 1254 760 I.
1289 739 1319 770 p.
1357 726 1433 759 136.
1493 728 1554 759 11ae
1589 726 1696 760 literae
1728 737 1767 759 ex
1803 727 1976 760 sententia
2008 729 2223 769 Langcbckii
2258 731 2301 762 ad

467 791 546 814 ann.
577 781 668 813 1240
693 784 863 826 pertinent
887 786 974 830 (vid.
1000 788 1106 821 sulum
1133 788 1224 822 nist.
1250 790 1290 822 af
1308 790 1457 822 Danmk.
1483 789 1547 822 lx,
1574 788 1798 832 707—708);
1826 789 2058 823 Thorkclinus
2082 801 2140 823 cas
2157 791 2198 823 ad
2221 802 2298 825 ann.

469 853 499 876 c.
527 843 626 876 1212.
655 845 772 878 ret'crt.

332 903 462 953 [803]
523 904 814 946 Testimonium
860 921 1001 949 civium
1044 911 1292 952 Rwssxsmn
1335 912 1467 953 Uffoni
1512 910 1813 964 archiepiscopo
1857 912 2064 952 Lundensi
2108 916 2297 956 missum:

72 976 336 1026 G(unnerum)
367 975 602 1029 episcopum
633 977 852 1030 Ripensem
883 983 1240 1034 antecessoresque
1269 984 1359 1035 ejus
1388 983 1556 1028 multos,
1599 983 1635 1021 in
1674 981 1795 1021 libera
1833 983 2101 1035 possessione
2139 989 2178 1024 et
2207 986 2298 1038 legi-

20 1032 24 1036 ·
68 1046 163 1086 tima
198 1045 494 1099 praescriptione
529 1046 695 1086 dimidiae
732 1049 856 1101 partis
891 1050 996 1102 juris
1034 1052 1128 1103 regii
1168 1052 1215 1091 ad
1251 1052 1447 1092 civitatem
1486 1053 1705 1105 Ripensem
1742 1053 1984 1104 spectantis,
2029 1058 2197 1106 quatuor
2233 1071 2297 1095 ex-

69 1117 196 1170 ceptis
225 1114 476 1166 (reditibus),
515 1116 698 1157 videlicet
727 1118 998 1166 Strandwrec,
1035 1121 1210 1169 Forban,
1240 1125 1442 1162 exactione
1472 1122 1547 1162 XI.
1577 1136 1794 1169 marcarum
1825 1126 1863 1162 et
1886 1122 2070 1163 theloneo
2094 1139 2296 1178 equorum,

70 1201 228 1240 semper
257 1186 398 1226 fuisse.
429 1209 478 1214 —
507 1186 602 1226 Sine
633 1201 747 1228 anno.

467 1259 644 1300 Terpager
668 1258 763 1302 Ripae
789 1258 917 1292 Cimbr.
945 1269 976 1301 p.
1006 1259 1080 1293 179.
1131 1261 1205 1295 Cfr.
1231 1262 1336 1294 Suhm
1362 1262 1454 1295 nist.
1480 1263 1520 1295 af
1540 1263 1688 1295 Danmk.
1714 1263 1777 1296 lx.
1803 1263 1884 1296 708.

330 1318 464 1368 [804]
522 1320 624 1359 Acta
655 1321 816 1373 capituli
847 1321 1043 1373 generalis
1070 1323 1218 1362 ordinis
1240 1323 1567 1364 Praedicatorum:
1625 1325 1644 1375 ξ
1675 1324 1740 1363 39.
1771 1324 2063 1365 “Concedimus
2087 1329 2296 1380 provinciae

69 1391 252 1444 Ungariae
283 1390 386 1429 duas
416 1389 579 1436 donmS,
620 1391 738 1430 u'nam
776 1392 997 1444 ponendam
1036 1393 1072 1431 in
1111 1394 1312 1445 provincia
1342 1394 1524 1442 Sili-ana3
1579 1394 1733 1434 DAcms
1764 1394 1884 1442 duam,
1930 1398 2150 1437 secundum
2187 1399 2295 1451 quod

68 1461 263 1502 videbitur
292 1461 465 1513 capitulo
495 1461 747 1512 provinciali3
791 1461 965 1501 Franciae
994 1464 1139 1501 unam’'
1170 1467 1243 1501 etc.
1273 1489 1326 1493 —-
1356 1464 1562 1504 Bononiae.

461 1533 617 1565 Martene
642 1536 676 1565 et
700 1533 839 1566 Dux-and
865 1533 1032 1568 Thesaur.
1059 1544 1134 1566 nov.
1159 1534 1325 1567 Anecdot.
1351 1537 1444 1568 Tom.
1471 1535 1533 1569 lv.
1563 1535 1661 1569 1682.

1102 1649 1249 1699 1241.
1578 1648 1590 1662 ‘
2364 1666 2482 1706 1241.

330 1745 461 1795 [805]
520 1747 804 1786 'WALDEMAM
844 1746 1047 1786 Danorum
1087 1746 1374 1800 Slavorumque
1411 1749 1517 1801 regis
1547 1748 1741 1802 diploma,
1792 1764 1870 1803 quo
1915 1752 2046 1790 comiti
2074 1751 2290 1801 Ni(colao)‚
2339 1751 2366 1783 l·
2406 1751 2507 1784 Febr·

69 1821 164 1870 “pro
189 1815 305 1858 bonis
335 1831 422 1870 quae
447 1815 590 1856 habeat
614 1817 649 1855 in
675 1817 843 1862 Zwerin,
875 1830 962 1855 cum
988 1816 1133 1870 quibus
1151 1818 1237 1870 ipse
1260 1831 1334 1857 nos
1358 1818 1577 1858 secundum
1607 1820 1769 1859 consilia
1797 1820 2002 1860 meliorum
2032 1824 2139 1874 regni
2171 1824 2295 1862 nostri

66 1902 87 1927 a
116 1888 299 1941 captione
329 1888 574 1927 inimicorum
605 1887 816 1934 redemit”,
848 1887 1046 1926 dimidiam
1076 1887 1322 1927 Hallandiam
1354 1892 1495 1927 scotat.
1525 1911 1578 1916 —
1606 1889 1818 1930 Rosche'ld.
1850 1891 1921 1930 cal.
1951 1890 2067 1930 Febr.

460 1957 640 1999 LilJeg-ren
665 1957 889 2000 Diplomatar.
917 1962 1057 1991 Svecan.
1083 1959 1112 1992 I.
1138 1968 1191 1991 no.
1217 1958 1296 1991 301.
1321 1968 1352 2001 p.
1378 1958 1457 1992 295.
1506 1960 1594 1992 Dan.
1620 1959 1796 2003 interpret.
1824 1972 1877 2005 ap.
1903 1962 2088 2006 Hvitfeldt,
2122 1964 2291 1996 Danmks.

462 2020 571 2061 Riges
596 2022 703 2052 Kron.
730 2031 761 2064 p.
791 2020 867 2052 192.

329 2081 460 2130 [806]
520 2082 838 2121 Wunmmncs
878 2096 945 2121 rex
982 2080 1200 2121 libertatem
1245 2084 1284 2120 et
1322 2085 1582 2128 contractum,
1628 2096 1743 2135 quem
1782 2083 1905 2131 Abel,
1950 2085 2029 2124 dux
2070 2086 2206 2133 Jutiae,
2251 2091 2290 2127 et
2318 2094 2368 2127 12.
2394 2095 2528 2127 Martii.

5 2170 13 2174 ’
65 2153 233 2192 ecclesia
260 2152 458 2205 Ripensis
487 2155 711 2192 statuerunt
748 2155 786 2190 et
824 2151 999 2190 fecerunt
1031 2152 1078 2190 de
1115 2152 1256 2190 villicis
1300 2155 1338 2190 et
1381 2152 1534 2190 colonis
1578 2153 1757 2192 ecclesiae
1795 2155 1831 2192 in
1870 2154 2069 2208 parochiis
2101 2156 2290 2204 Tundaer,

64 2222 186 2263 Daler
215 2226 255 2262 et
272 2222 514 2275 -Balughum
544 2223 761 2261 confirmat.
790 2244 844 2250 —
873 2223 1002 2274 Apud
1036 2220 1421 2275 lVardynqhburqh,
1453 2221 1537 2260 1111.
1569 2222 1658 2262 idus
1684 2223 1828 2262 Martii.

460 2293 566 2326 Sullm
592 2292 684 2325 nist.
710 2293 750 2325 af
770 2293 920 2325 Danmk.
946 2293 1007 2325 lX.
1033 2292 1111 2324 774.
1160 2291 1351 2339 Miehelsen¹
1374 2291 1698 2326 Urkundensamml.
1724 2294 1752 2326 Ι.
1778 2294 1834 2326 46.

328 2354 457 2403 [807.]
516 2354 637 2394 Emcn
668 2355 872 2394 Danorum
902 2354 1188 2406 slavorumque
1218 2353 1322 2403 regis
1352 2357 1508 2398 votum,
1538 2361 1733 2405 praesente
1761 2360 1798 2394 et
1827 2360 2021 2396 annuente
2050 2359 2206 2409 regina,
2251 2364 2291 2398 et
2339 2363 2370 2395 5.
2397 2363 2504 2395 Junii.

63 2423 328 2478 praesentibus
357 2424 492 2464 Ulrico
524 2427 573 2464 de
603 2425 739 2464 ordine
770 2425 931 2464 fratrum
962 2425 1150 2462 minorum
1181 2427 1221 2462 et
1249 2422 1370 2462 Petro
1401 2424 1608 2463 sacerdote
1644 2427 1750 2476 regis
1789 2426 1956 2472 sactum,
1998 2431 2042 2466 ut
2077 2429 2113 2466 in
2152 2427 2290 2468 habitu

63 2494 224 2534 fratrum
253 2495 448 2534 minorum
477 2496 576 2534 mori
606 2499 645 2534 et
675 2497 709 2535 in
741 2496 831 2548 ipso
863 2494 998 2533 habitu
1027 2493 1130 2546 apud
1160 2493 1301 2533 fratres
1316 2494 1491 2532 minores
1517 2494 1834 2535 Roschildenses
1860 2496 2017 2549 sepeliri
2040 2496 2211 2537 deberet.
2237 2521 2287 2528 —

63 2564 297 2611 Roschild„
327 2566 442 2605 nonis
472 2564 591 2604 Junii.

459 2635 630 2668 Hvitfeldt
653 2637 820 2669 Danmks.
846 2636 954 2677 Riges
979 2637 1086 2667 Kron.
1111 2634 1139 2667 Ι.
1165 2633 1243 2666 221.
1305 2634 1448 2666 Pontan.
1482 2635 1564 2667 Rer.
1597 2634 1756 2667 Danicar.
1790 2636 1879 2668 Hist.
1913 2637 2006 2672 Libr.
2036 2638 2116 2671 VII.
2150 2650 2182 2682 p.
2208 2639 2288 2672 336.

459 2697 613 2739 Holberg·
637 2699 760 2730 Danm.
786 2698 877 2730 nist.
903 2698 930 2730 I.
955 2697 1035 2729 313.
1096 2694 1332 2737 Pontoppidan
1356 2695 1481 2728 Annal.
1508 2696 1630 2730 eccles.
1655 2699 1744 2730 Dan.
1778 2698 1806 2730 Ι.
1839 2696 1920 2731 669.
1981 2700 2289 2743 Schlcswig-Hol-

460 2759 648 2793 steinische
672 2759 846 2801 Anzeigen
875 2759 973 2791 1750.
1000 2758 1055 2790 26.
1084 2759 1134 2790 St.
1160 2767 1191 2799 p.
1218 2756 1297 2788 203.

328 2832 458 2881 [808]
518 2832 738 2872 Gnssoonn
783 2830 913 2880 (IXni)
961 2843 1072 2884 papae
1116 2829 1359 2868 confirmatio
1403 2830 1693 2883 privilegiorum
1738 2832 1914 2873 ecclesiae
1955 2833 1994 2874 b.
2034 2834 2196 2875 Thomae
2239 2836 2288 2876 de
2329 2850 2512 2884 15.Junii.

65 2900 276 2942 Paraclito.
304 2924 360 2931 —·
387 2903 617 2951 Laterani,
647 2902 776 2942 XVII.
808 2903 879 2942 cal.
909 2901 1012 2941 Julii.

459 2974 650 3015 Langebek
678 2973 817 3016 Scriptt.
842 2973 906 3006 Vl.
936 2970 1102 3004 151—55.

327 3045 458 3095 [809.]
517 3046 713 3086 Orwoms
745 3046 858 3085 ducis
889 3045 937 3083 de
966 3040 1178 3082 Brunswik
1207 3041 1347 3088 literae,
1391 3041 1538 3095 quibus
1575 3043 1707 3084 domui
1746 3045 1784 3085 b.
1815 3045 2009 3087 Johannis
2038 3047 2221 3101 baptistae
2252 3051 2287 3089 in
2325 3055 2382 3088 22.
2408 3055 2513 3088 Junii.

66 3114 373 3155 Antvordschov
402 3116 536 3156 villam'
559 3116 711 3156 Ramsti
741 3130 830 3156 cum
861 3114 1017 3155 duobus
1047 3111 1279 3152 molendinis
1310 3116 1349 3151 et
1379 3112 1489 3166 plura
1527 3112 1631 3155 bona
1667 3116 1813 3157 vendit.
1856 3138 1909 3147 -—
1953 3118 2187 3168 Roske'ldis,
2233 3119 2285 3159 Χ.

42 3238 44 3240 v
65 3184 216 3226 calend.
245 3184 350 3227 Julii.

461 3255 649 3290 Thorkelin
673 3255 898 3300 Diplomatar.
924 3255 1157 3295 Arna-Magn.
1185 3253 1209 3285 1.
1237 3263 1267 3297 p.
1297 3251 1372 3286 133.

1916 3392 1979 3431 14·
