<?xml version="1.0" encoding="UTF-8"?>
<!DOCTYPE html PUBLIC "-//W3C//DTD XHTML 1.0 Transitional//EN"
    "http://www.w3.org/TR/xhtml1/DTD/xhtml1-transitional.dtd">
<html xmlns="http://www.w3.org/1999/xhtml" xml:lang="en" lang="en">
 <head>
  <title>
</title>
<meta http-equiv="Content-Type" content="text/html;charset=utf-8" />
  <meta name='ocr-system' content='tesseract 3.04.00' />
  <meta name='ocr-capabilities' content='ocr_page ocr_carea ocr_par ocr_line ocrx_word'/>
</head>
<body>
  <div class='ocr_page' id='page_1' title='image "./regestadiplomati01dansuoft_0129.png"; bbox 0 0 2649 3686; ppageno 0'>
   <div class='ocr_carea' id='block_1_1' title="bbox 61 122 2270 234">
    <p class='ocr_par' dir='ltr' id='par_1_1' title="bbox 61 122 2270 234">
     <span class='ocr_line' id='line_1_1' title="bbox 443 122 2267 189; baseline 0.01 -19"><span class='ocrx_word' id='word_1_1' title='bbox 443 157 450 168; x_wconf 54' lang='lat'>.</span> <span class='ocrx_word' id='word_1_2' title='bbox 493 122 648 172; x_wconf 73' lang='lat' dir='ltr'>Koxc.</span> <span class='ocrx_word' id='word_1_3' title='bbox 683 124 843 173; x_wconf 79' lang='lat' dir='ltr'>AnEr..</span> <span class='ocrx_word' id='word_1_4' title='bbox 912 127 1067 177; x_wconf 72' lang='lat' dir='ltr'>Koxe</span> <span class='ocrx_word' id='word_1_5' title='bbox 1104 127 1452 179; x_wconf 65' lang='lat' dir='ltr'>Onniswopnnn·</span> <span class='ocrx_word' id='word_1_6' title='bbox 1482 146 1579 179; x_wconf 70' lang='lat' dir='ltr'>nex</span> <span class='ocrx_word' id='word_1_7' title='bbox 1614 131 1824 181; x_wconf 74' lang='lat' dir='ltr'>Fiins&#39;rss.</span> <span class='ocrx_word' id='word_1_8' title='bbox 2168 139 2267 189; x_wconf 81' lang='lat'>119</span> 
     </span>
     <span class='ocr_line' id='line_1_2' title="bbox 61 209 2270 234; baseline 0.01 -22"><span class='ocrx_word' id='word_1_9' title='bbox 61 209 2270 234; x_wconf 50' lang='grc' dir='ltr'>Ἣ</span> 
     </span>
    </p>
   </div>
   <div class='ocr_carea' id='block_1_2' title="bbox 323 293 2455 359">
    <p class='ocr_par' dir='ltr' id='par_1_2' title="bbox 323 293 2455 359">
     <span class='ocr_line' id='line_1_3' title="bbox 323 293 2455 359; baseline 0.009 -27"><span class='ocrx_word' id='word_1_10' title='bbox 323 293 452 344; x_wconf 85' lang='grc'><strong>[918.]</strong></span> <span class='ocrx_word' id='word_1_11' title='bbox 511 294 646 336; x_wconf 66' lang='lat' dir='ltr'>Parni</span> <span class='ocrx_word' id='word_1_12' title='bbox 677 299 857 352; x_wconf 81' lang='lat' dir='ltr'>episcopi</span> <span class='ocrx_word' id='word_1_13' title='bbox 888 301 1125 342; x_wconf 88' lang='lat' dir='ltr'>Arusiensis</span> <span class='ocrx_word' id='word_1_14' title='bbox 1154 304 1396 344; x_wconf 86' lang='lat' dir='ltr'>confirmatio</span> <span class='ocrx_word' id='word_1_15' title='bbox 1426 307 1707 345; x_wconf 78' lang='lat' dir='ltr'>transactionis</span> <span class='ocrx_word' id='word_1_16' title='bbox 1744 307 1843 345; x_wconf 88' lang='lat' dir='ltr'>inter</span> <span class='ocrx_word' id='word_1_17' title='bbox 1879 306 2195 359; x_wconf 78' lang='lat' dir='ltr'>praedecessores</span> <span class='ocrx_word' id='word_1_18' title='bbox 2232 316 2272 350; x_wconf 85' lang='lat' dir='ltr'>et</span> <span class='ocrx_word' id='word_1_19' title='bbox 2342 312 2455 352; x_wconf 78' lang='lat'>1251.</span> 
     </span>
    </p>
   </div>
   <div class='ocr_carea' id='block_1_3' title="bbox 60 363 2272 487">
    <p class='ocr_par' dir='ltr' id='par_1_3' title="bbox 60 363 2272 487">
     <span class='ocr_line' id='line_1_4' title="bbox 61 363 2272 429; baseline 0.006 -25"><span class='ocrx_word' id='word_1_20' title='bbox 61 364 219 411; x_wconf 90' lang='lat' dir='ltr'>clerum,</span> <span class='ocrx_word' id='word_1_21' title='bbox 249 363 300 402; x_wconf 89' lang='lat' dir='ltr'>de</span> <span class='ocrx_word' id='word_1_22' title='bbox 330 364 457 404; x_wconf 90' lang='lat' dir='ltr'>tribus</span> <span class='ocrx_word' id='word_1_23' title='bbox 487 367 569 405; x_wconf 79' lang='lat' dir='ltr'>0r1s</span> <span class='ocrx_word' id='word_1_24' title='bbox 597 371 763 406; x_wconf 77' lang='lat' dir='ltr'>monetae</span> <span class='ocrx_word' id='word_1_25' title='bbox 790 371 943 410; x_wconf 90' lang='lat' dir='ltr'>usualis</span> <span class='ocrx_word' id='word_1_26' title='bbox 973 374 1184 424; x_wconf 79' lang='lat' dir='ltr'>quotannis</span> <span class='ocrx_word' id='word_1_27' title='bbox 1213 374 1450 427; x_wconf 79' lang='lat' dir='ltr'>praestandis</span> <span class='ocrx_word' id='word_1_28' title='bbox 1479 388 1502 414; x_wconf 92' lang='lat' dir='ltr'>a</span> <span class='ocrx_word' id='word_1_29' title='bbox 1531 376 1702 428; x_wconf 85' lang='lat' dir='ltr'>singulis</span> <span class='ocrx_word' id='word_1_30' title='bbox 1737 376 2010 429; x_wconf 82' lang='lat' dir='ltr'>parochiarum</span> <span class='ocrx_word' id='word_1_31' title='bbox 2040 379 2272 426; x_wconf 85' lang='lat' dir='ltr'>rectoribus,</span> 
     </span>
     <span class='ocr_line' id='line_1_5' title="bbox 60 434 834 487; baseline 0.006 -14"><span class='ocrx_word' id='word_1_32' title='bbox 60 434 146 474; x_wconf 80' lang='lat' dir='ltr'>ioco</span> <span class='ocrx_word' id='word_1_33' title='bbox 174 435 464 487; x_wconf 79' lang='lat' dir='ltr'>procurationis</span> <span class='ocrx_word' id='word_1_34' title='bbox 494 439 534 474; x_wconf 92' lang='lat' dir='ltr'>et</span> <span class='ocrx_word' id='word_1_35' title='bbox 562 436 834 478; x_wconf 87' lang='lat' dir='ltr'>cathedratici.</span> 
     </span>
    </p>
   </div>
   <div class='ocr_carea' id='block_1_4' title="bbox 323 506 2271 630">
    <p class='ocr_par' dir='ltr' id='par_1_4' title="bbox 323 506 2271 630">
     <span class='ocr_line' id='line_1_6' title="bbox 451 506 2029 559; baseline 0.008 -22"><span class='ocrx_word' id='word_1_36' title='bbox 451 506 639 547; x_wconf 78' lang='lat' dir='ltr'>Langebek</span> <span class='ocrx_word' id='word_1_37' title='bbox 665 507 802 551; x_wconf 85' lang='lat' dir='ltr'>Scriptt.</span> <span class='ocrx_word' id='word_1_38' title='bbox 828 509 890 542; x_wconf 86' lang='lat' dir='ltr'>VI.</span> <span class='ocrx_word' id='word_1_39' title='bbox 916 510 1062 545; x_wconf 75' lang='lat'>-108—9.</span> <span class='ocrx_word' id='word_1_40' title='bbox 1112 513 1300 547; x_wconf 84' lang='lat' dir='ltr'>Thorkelin</span> <span class='ocrx_word' id='word_1_41' title='bbox 1324 513 1546 557; x_wconf 80' lang='lat' dir='ltr'>Diplomatar.</span> <span class='ocrx_word' id='word_1_42' title='bbox 1571 516 1810 557; x_wconf 80' lang='lat' dir='ltr'>Arna-Magn.</span> <span class='ocrx_word' id='word_1_43' title='bbox 1836 516 1862 549; x_wconf 89' lang='grc' dir='ltr'><strong>Ι.</strong></span> <span class='ocrx_word' id='word_1_44' title='bbox 1891 527 1923 559; x_wconf 89' lang='lat' dir='ltr'>p.</span> <span class='ocrx_word' id='word_1_45' title='bbox 1955 516 2029 549; x_wconf 86' lang='grc'><strong>189.</strong></span> 
     </span>
     <span class='ocr_line' id='line_1_7' title="bbox 323 566 2271 630; baseline 0.008 -26"><span class='ocrx_word' id='word_1_46' title='bbox 323 566 452 616; x_wconf 86' lang='grc'><strong>[9]9.]</strong></span> <span class='ocrx_word' id='word_1_47' title='bbox 509 566 669 607; x_wconf 66' lang='lat' dir='ltr'>Eser-rm</span> <span class='ocrx_word' id='word_1_48' title='bbox 701 571 881 623; x_wconf 83' lang='lat' dir='ltr'>episcopi</span> <span class='ocrx_word' id='word_1_49' title='bbox 912 572 1106 625; x_wconf 81' lang='lat' dir='ltr'>Ripensis</span> <span class='ocrx_word' id='word_1_50' title='bbox 1136 575 1278 623; x_wconf 84' lang='lat' dir='ltr'>literae,</span> <span class='ocrx_word' id='word_1_51' title='bbox 1323 575 1467 630; x_wconf 90' lang='lat' dir='ltr'>quibus</span> <span class='ocrx_word' id='word_1_52' title='bbox 1497 577 1742 616; x_wconf 83' lang='lat' dir='ltr'>mansionem</span> <span class='ocrx_word' id='word_1_53' title='bbox 1780 591 1892 617; x_wconf 87' lang='lat' dir='ltr'>suam</span> <span class='ocrx_word' id='word_1_54' title='bbox 1924 579 1962 617; x_wconf 93' lang='lat' dir='ltr'>in</span> <span class='ocrx_word' id='word_1_55' title='bbox 1993 578 2271 620; x_wconf 78' lang='lat' dir='ltr'>linbcrschaeth</span> 
     </span>
    </p>
   </div>
   <div class='ocr_carea' id='block_1_5' title="bbox 61 634 1746 754">
    <p class='ocr_par' dir='ltr' id='par_1_5' title="bbox 61 634 1746 754">
     <span class='ocr_line' id='line_1_8' title="bbox 61 634 1746 700; baseline 0.007 -26"><span class='ocrx_word' id='word_1_56' title='bbox 61 634 266 674; x_wconf 87' lang='lat' dir='ltr'>monachis</span> <span class='ocrx_word' id='word_1_57' title='bbox 293 635 393 677; x_wconf 87' lang='lat' dir='ltr'>Loci</span> <span class='ocrx_word' id='word_1_58' title='bbox 423 637 499 676; x_wconf 92' lang='lat' dir='ltr'>Dei</span> <span class='ocrx_word' id='word_1_59' title='bbox 528 643 721 690; x_wconf 90' lang='lat' dir='ltr'>perpetuo</span> <span class='ocrx_word' id='word_1_60' title='bbox 750 641 1033 692; x_wconf 81' lang='lat' dir='ltr'>possidendam</span> <span class='ocrx_word' id='word_1_61' title='bbox 1065 644 1198 684; x_wconf 90' lang='lat' dir='ltr'>donat.</span> <span class='ocrx_word' id='word_1_62' title='bbox 1229 668 1278 674; x_wconf 91' lang='lat'><em>-</em></span> <span class='ocrx_word' id='word_1_63' title='bbox 1309 647 1436 700; x_wconf 80' lang='lat' dir='ltr'>Apud</span> <span class='ocrx_word' id='word_1_64' title='bbox 1461 647 1620 688; x_wconf 84' lang='lat' dir='ltr'>Locum</span> <span class='ocrx_word' id='word_1_65' title='bbox 1649 645 1746 686; x_wconf 71' lang='lat' dir='ltr'>Dei.</span> 
     </span>
     <span class='ocr_line' id='line_1_9' title="bbox 455 708 1123 754; baseline 0.009 -14"><span class='ocrx_word' id='word_1_66' title='bbox 455 708 642 750; x_wconf 83' lang='lat' dir='ltr'>Laugcbek</span> <span class='ocrx_word' id='word_1_67' title='bbox 667 709 806 754; x_wconf 66' lang='lat' dir='ltr'>scriptt.</span> <span class='ocrx_word' id='word_1_68' title='bbox 831 712 926 745; x_wconf 88' lang='lat' dir='ltr'>VIII.</span> <span class='ocrx_word' id='word_1_69' title='bbox 951 712 1123 746; x_wconf 74' lang='lat'>219—20.</span> 
     </span>
    </p>
   </div>
   <div class='ocr_carea' id='block_1_6' title="bbox 1088 833 2458 905">
    <p class='ocr_par' dir='ltr' id='par_1_6' title="bbox 1088 833 2458 905">
     <span class='ocr_line' id='line_1_10' title="bbox 1088 833 2458 905; baseline 0.012 -25"><span class='ocrx_word' id='word_1_70' title='bbox 1088 833 1234 883; x_wconf 74' lang='lat'>1252.</span> <span class='ocrx_word' id='word_1_71' title='bbox 2162 898 2164 905; x_wconf 23' lang='lat' dir='ltr'><em>s</em></span> <span class='ocrx_word' id='word_1_72' title='bbox 2343 857 2458 896; x_wconf 72' lang='lat'>1252.</span> 
     </span>
    </p>
   </div>
   <div class='ocr_carea' id='block_1_7' title="bbox 49 921 2515 2955">
    <p class='ocr_par' dir='ltr' id='par_1_7' title="bbox 49 921 2515 2955">
     <span class='ocr_line' id='line_1_11' title="bbox 269 921 2515 990; baseline 0.008 -31"><span class='ocrx_word' id='word_1_73' title='bbox 269 956 272 958; x_wconf 91' lang='lat'>.</span> <span class='ocrx_word' id='word_1_74' title='bbox 318 921 448 972; x_wconf 66' lang='lat'>[9⁶20]</span> <span class='ocrx_word' id='word_1_75' title='bbox 505 922 669 963; x_wconf 52' lang='lat' dir='ltr'>Esaiam</span> <span class='ocrx_word' id='word_1_76' title='bbox 708 925 888 980; x_wconf 85' lang='lat' dir='ltr'>episcopi</span> <span class='ocrx_word' id='word_1_77' title='bbox 918 929 1111 982; x_wconf 84' lang='lat' dir='ltr'>Ripensis</span> <span class='ocrx_word' id='word_1_78' title='bbox 1141 932 1282 979; x_wconf 84' lang='lat' dir='ltr'>literae,</span> <span class='ocrx_word' id='word_1_79' title='bbox 1312 931 1458 985; x_wconf 85' lang='lat' dir='ltr'>quibus</span> <span class='ocrx_word' id='word_1_80' title='bbox 1487 932 1736 985; x_wconf 83' lang='lat' dir='ltr'>parochianis</span> <span class='ocrx_word' id='word_1_81' title='bbox 1767 933 1817 973; x_wconf 87' lang='lat' dir='ltr'>de</span> <span class='ocrx_word' id='word_1_82' title='bbox 1845 934 1965 975; x_wconf 91' lang='lat' dir='ltr'>Daler</span> <span class='ocrx_word' id='word_1_83' title='bbox 2000 937 2187 990; x_wconf 74' lang='lat' dir='ltr'>imperat,</span> <span class='ocrx_word' id='word_1_84' title='bbox 2230 942 2272 977; x_wconf 87' lang='lat' dir='ltr'>ut</span> <span class='ocrx_word' id='word_1_85' title='bbox 2297 939 2350 973; x_wconf 80' lang='grc'>29.</span> <span class='ocrx_word' id='word_1_86' title='bbox 2376 943 2515 976; x_wconf 74' lang='lat' dir='ltr'>Januar.</span> 
     </span>
     <span class='ocr_line' id='line_1_12' title="bbox 59 992 2267 1054; baseline 0.007 -21"><span class='ocrx_word' id='word_1_87' title='bbox 59 996 147 1033; x_wconf 88' lang='lat' dir='ltr'>octo</span> <span class='ocrx_word' id='word_1_88' title='bbox 180 992 335 1032; x_wconf 88' lang='lat' dir='ltr'>solidos</span> <span class='ocrx_word' id='word_1_89' title='bbox 365 993 559 1046; x_wconf 82' lang='lat' dir='ltr'>siliginis,</span> <span class='ocrx_word' id='word_1_90' title='bbox 603 1008 705 1047; x_wconf 88' lang='lat' dir='ltr'>quos</span> <span class='ocrx_word' id='word_1_91' title='bbox 740 997 790 1035; x_wconf 90' lang='lat' dir='ltr'>ad</span> <span class='ocrx_word' id='word_1_92' title='bbox 825 1012 925 1038; x_wconf 88' lang='lat' dir='ltr'>usus</span> <span class='ocrx_word' id='word_1_93' title='bbox 963 1014 1062 1039; x_wconf 84' lang='lat' dir='ltr'>suos</span> <span class='ocrx_word' id='word_1_94' title='bbox 1100 1001 1148 1040; x_wconf 83' lang='lat' dir='ltr'>de</span> <span class='ocrx_word' id='word_1_95' title='bbox 1179 1002 1331 1041; x_wconf 86' lang='lat' dir='ltr'>decima</span> <span class='ocrx_word' id='word_1_96' title='bbox 1362 1016 1496 1041; x_wconf 89' lang='lat' dir='ltr'>eorum</span> <span class='ocrx_word' id='word_1_97' title='bbox 1535 1002 1729 1043; x_wconf 85' lang='lat' dir='ltr'>hactenus</span> <span class='ocrx_word' id='word_1_98' title='bbox 1759 1004 1934 1045; x_wconf 89' lang='lat' dir='ltr'>detinere</span> <span class='ocrx_word' id='word_1_99' title='bbox 1970 1006 2145 1054; x_wconf 90' lang='lat' dir='ltr'>solebat,</span> <span class='ocrx_word' id='word_1_100' title='bbox 2188 1021 2267 1048; x_wconf 90' lang='lat' dir='ltr'>mo-</span> 
     </span>
     <span class='ocr_line' id='line_1_13' title="bbox 59 1063 1556 1117; baseline 0.007 -15"><span class='ocrx_word' id='word_1_101' title='bbox 59 1063 197 1103; x_wconf 90' lang='lat' dir='ltr'>nacbis</span> <span class='ocrx_word' id='word_1_102' title='bbox 224 1063 325 1103; x_wconf 90' lang='lat' dir='ltr'>Loci</span> <span class='ocrx_word' id='word_1_103' title='bbox 354 1063 431 1102; x_wconf 83' lang='lat' dir='ltr'>Dei</span> <span class='ocrx_word' id='word_1_104' title='bbox 461 1065 499 1102; x_wconf 90' lang='lat' dir='ltr'>in</span> <span class='ocrx_word' id='word_1_105' title='bbox 529 1068 732 1117; x_wconf 83' lang='lat' dir='ltr'>posterum</span> <span class='ocrx_word' id='word_1_106' title='bbox 763 1068 931 1107; x_wconf 85' lang='lat' dir='ltr'>solvant.</span> <span class='ocrx_word' id='word_1_107' title='bbox 960 1091 1013 1097; x_wconf 91' lang='lat'>——</span> <span class='ocrx_word' id='word_1_108' title='bbox 1043 1069 1127 1109; x_wconf 92' lang='lat' dir='ltr'>llll.</span> <span class='ocrx_word' id='word_1_109' title='bbox 1158 1071 1311 1112; x_wconf 85' lang='lat' dir='ltr'>calend.</span> <span class='ocrx_word' id='word_1_110' title='bbox 1340 1071 1556 1112; x_wconf 78' lang='lat' dir='ltr'>Februarii.</span> 
     </span>
     <span class='ocr_line' id='line_1_14' title="bbox 448 1135 1027 1180; baseline 0.01 -14"><span class='ocrx_word' id='word_1_111' title='bbox 448 1135 638 1176; x_wconf 82' lang='lat' dir='ltr'>Langebek</span> <span class='ocrx_word' id='word_1_112' title='bbox 663 1136 802 1180; x_wconf 80' lang='lat' dir='ltr'>Scriptt.</span> <span class='ocrx_word' id='word_1_113' title='bbox 829 1139 923 1171; x_wconf 89' lang='lat' dir='ltr'>VIII.</span> <span class='ocrx_word' id='word_1_114' title='bbox 952 1139 1027 1172; x_wconf 86' lang='grc'><strong>132.</strong></span> 
     </span>
     <span class='ocr_line' id='line_1_15' title="bbox 321 1204 2504 1268; baseline 0.007 -22"><span class='ocrx_word' id='word_1_115' title='bbox 321 1207 451 1256; x_wconf 74' lang='grc'><strong>[921.]</strong></span> <span class='ocrx_word' id='word_1_116' title='bbox 508 1207 672 1248; x_wconf 76' lang='lat' dir='ltr'>Escfflu</span> <span class='ocrx_word' id='word_1_117' title='bbox 709 1211 891 1263; x_wconf 86' lang='lat' dir='ltr'>episcopi</span> <span class='ocrx_word' id='word_1_118' title='bbox 927 1211 1121 1265; x_wconf 86' lang='lat' dir='ltr'>Ripensis</span> <span class='ocrx_word' id='word_1_119' title='bbox 1156 1214 1301 1262; x_wconf 84' lang='lat' dir='ltr'>literae,</span> <span class='ocrx_word' id='word_1_120' title='bbox 1344 1214 1489 1268; x_wconf 87' lang='lat' dir='ltr'>quibus</span> <span class='ocrx_word' id='word_1_121' title='bbox 1533 1219 1702 1256; x_wconf 83' lang='lat' dir='ltr'>testatur</span> <span class='ocrx_word' id='word_1_122' title='bbox 1740 1231 1786 1257; x_wconf 92' lang='lat' dir='ltr'>se</span> <span class='ocrx_word' id='word_1_123' title='bbox 1825 1219 2024 1259; x_wconf 83' lang='lat' dir='ltr'>“claustro</span> <span class='ocrx_word' id='word_1_124' title='bbox 2062 1219 2162 1260; x_wconf 90' lang='lat' dir='ltr'>Loci</span> <span class='ocrx_word' id='word_1_125' title='bbox 2191 1220 2267 1260; x_wconf 93' lang='lat' dir='ltr'>Dei</span> <span class='ocrx_word' id='word_1_126' title='bbox 2303 1204 2339 1257; x_wconf 43' lang='lat'>4:</span> <span class='ocrx_word' id='word_1_127' title='bbox 2361 1226 2504 1268; x_wconf 79' lang='lat' dir='ltr'>Api-ilis.</span> 
     </span>
     <span class='ocr_line' id='line_1_16' title="bbox 57 1277 2267 1343; baseline 0.006 -26"><span class='ocrx_word' id='word_1_128' title='bbox 57 1277 267 1318; x_wconf 88' lang='lat' dir='ltr'>ecclesiam</span> <span class='ocrx_word' id='word_1_129' title='bbox 297 1277 346 1317; x_wconf 92' lang='lat' dir='ltr'>de</span> <span class='ocrx_word' id='word_1_130' title='bbox 374 1277 601 1327; x_wconf 84' lang='lat' dir='ltr'>Bredwatt,</span> <span class='ocrx_word' id='word_1_131' title='bbox 644 1293 731 1318; x_wconf 91' lang='lat' dir='ltr'>cum</span> <span class='ocrx_word' id='word_1_132' title='bbox 773 1294 975 1320; x_wconf 89' lang='lat' dir='ltr'>consensu</span> <span class='ocrx_word' id='word_1_133' title='bbox 1005 1284 1109 1334; x_wconf 84' lang='lat' dir='ltr'>regis</span> <span class='ocrx_word' id='word_1_134' title='bbox 1137 1284 1239 1324; x_wconf 86' lang='lat' dir='ltr'>Abel</span> <span class='ocrx_word' id='word_1_135' title='bbox 1277 1286 1464 1324; x_wconf 83' lang='lat' dir='ltr'>canonice</span> <span class='ocrx_word' id='word_1_136' title='bbox 1503 1287 1744 1334; x_wconf 82' lang='lat' dir='ltr'>contulisse,</span> <span class='ocrx_word' id='word_1_137' title='bbox 1782 1289 1872 1340; x_wconf 86' lang='lat' dir='ltr'>jure</span> <span class='ocrx_word' id='word_1_138' title='bbox 1909 1294 2099 1342; x_wconf 89' lang='lat' dir='ltr'>perpetuo</span> <span class='ocrx_word' id='word_1_139' title='bbox 2138 1293 2267 1343; x_wconf 89' lang='lat' dir='ltr'>possi-</span> 
     </span>
     <span class='ocr_line' id='line_1_17' title="bbox 53 1348 2265 1413; baseline 0.007 -27"><span class='ocrx_word' id='word_1_140' title='bbox 53 1348 239 1396; x_wconf 86' lang='lat' dir='ltr'>dendam,</span> <span class='ocrx_word' id='word_1_141' title='bbox 270 1350 324 1388; x_wconf 89' lang='lat' dir='ltr'>ita</span> <span class='ocrx_word' id='word_1_142' title='bbox 355 1348 481 1402; x_wconf 90' lang='lat' dir='ltr'>quod,</span> <span class='ocrx_word' id='word_1_143' title='bbox 511 1363 600 1388; x_wconf 90' lang='lat' dir='ltr'>cum</span> <span class='ocrx_word' id='word_1_144' title='bbox 627 1349 730 1388; x_wconf 88' lang='lat' dir='ltr'>dicta</span> <span class='ocrx_word' id='word_1_145' title='bbox 762 1351 934 1391; x_wconf 89' lang='lat' dir='ltr'>ecclesia</span> <span class='ocrx_word' id='word_1_146' title='bbox 962 1354 1144 1405; x_wconf 90' lang='lat' dir='ltr'>primitus</span> <span class='ocrx_word' id='word_1_147' title='bbox 1173 1357 1392 1402; x_wconf 88' lang='lat' dir='ltr'>vacaverit,</span> <span class='ocrx_word' id='word_1_148' title='bbox 1435 1355 1560 1395; x_wconf 86' lang='lat' dir='ltr'>abbas</span> <span class='ocrx_word' id='word_1_149' title='bbox 1596 1357 1746 1409; x_wconf 77' lang='lat' dir='ltr'>praefati</span> <span class='ocrx_word' id='word_1_150' title='bbox 1784 1359 1859 1398; x_wconf 92' lang='lat' dir='ltr'>loci</span> <span class='ocrx_word' id='word_1_151' title='bbox 1897 1361 2026 1413; x_wconf 86' lang='lat' dir='ltr'>ipsam</span> <span class='ocrx_word' id='word_1_152' title='bbox 2054 1361 2105 1400; x_wconf 87' lang='lat' dir='ltr'>ad</span> <span class='ocrx_word' id='word_1_153' title='bbox 2134 1362 2265 1401; x_wconf 88' lang='lat' dir='ltr'>volun-</span> 
     </span>
     <span class='ocr_line' id='line_1_18' title="bbox 55 1419 1178 1477; baseline 0.004 -19"><span class='ocrx_word' id='word_1_154' title='bbox 55 1422 174 1458; x_wconf 88' lang='lat' dir='ltr'>tatem</span> <span class='ocrx_word' id='word_1_155' title='bbox 204 1433 318 1459; x_wconf 90' lang='lat' dir='ltr'>suam</span> <span class='ocrx_word' id='word_1_156' title='bbox 349 1419 592 1477; x_wconf 59' lang='lat' dir='ltr'>ordinabit”.⁴</span> <span class='ocrx_word' id='word_1_157' title='bbox 616 1442 665 1447; x_wconf 93' lang='lat'>—</span> <span class='ocrx_word' id='word_1_158' title='bbox 697 1419 831 1460; x_wconf 88' lang='lat' dir='ltr'>Pridie</span> <span class='ocrx_word' id='word_1_159' title='bbox 861 1436 986 1461; x_wconf 88' lang='lat' dir='ltr'>nonas</span> <span class='ocrx_word' id='word_1_160' title='bbox 1014 1424 1178 1476; x_wconf 87' lang='lat' dir='ltr'>Aprilis.</span> 
     </span>
     <span class='ocr_line' id='line_1_19' title="bbox 445 1490 1128 1534; baseline 0.004 -12"><span class='ocrx_word' id='word_1_161' title='bbox 445 1490 634 1532; x_wconf 83' lang='lat' dir='ltr'>Langebek</span> <span class='ocrx_word' id='word_1_162' title='bbox 659 1490 800 1534; x_wconf 84' lang='lat' dir='ltr'>Scriptt.</span> <span class='ocrx_word' id='word_1_163' title='bbox 824 1492 921 1525; x_wconf 87' lang='lat' dir='ltr'>VIII.</span> <span class='ocrx_word' id='word_1_164' title='bbox 949 1492 1023 1526; x_wconf 78' lang='lat'>114.</span> <span class='ocrx_word' id='word_1_165' title='bbox 1052 1493 1128 1526; x_wconf 78' lang='lat'>123.</span> 
     </span>
     <span class='ocr_line' id='line_1_20' title="bbox 314 1562 2500 1624; baseline 0.006 -23"><span class='ocrx_word' id='word_1_166' title='bbox 314 1563 444 1612; x_wconf 63' lang='lat'>[922]</span> <span class='ocrx_word' id='word_1_167' title='bbox 500 1562 668 1610; x_wconf 87' lang='lat' dir='ltr'>Literae,</span> <span class='ocrx_word' id='word_1_168' title='bbox 698 1565 736 1603; x_wconf 91' lang='lat' dir='ltr'>in</span> <span class='ocrx_word' id='word_1_169' title='bbox 774 1564 918 1617; x_wconf 88' lang='lat' dir='ltr'>quibus</span> <span class='ocrx_word' id='word_1_170' title='bbox 947 1565 1087 1614; x_wconf 58' lang='lat' dir='ltr'>Armi,</span> <span class='ocrx_word' id='word_1_171' title='bbox 1130 1567 1330 1607; x_wconf 91' lang='lat' dir='ltr'>Danorum</span> <span class='ocrx_word' id='word_1_172' title='bbox 1369 1568 1655 1623; x_wconf 87' lang='lat' dir='ltr'>Slavorumque</span> <span class='ocrx_word' id='word_1_173' title='bbox 1693 1586 1781 1618; x_wconf 88' lang='lat' dir='ltr'>rex,</span> <span class='ocrx_word' id='word_1_174' title='bbox 1824 1571 1902 1611; x_wconf 77' lang='lat' dir='ltr'>dux</span> <span class='ocrx_word' id='word_1_175' title='bbox 1938 1572 2074 1621; x_wconf 77' lang='lat' dir='ltr'>Jntiae,</span> <span class='ocrx_word' id='word_1_176' title='bbox 2117 1577 2172 1615; x_wconf 90' lang='lat' dir='ltr'>ita</span> <span class='ocrx_word' id='word_1_177' title='bbox 2209 1577 2263 1615; x_wconf 85' lang='lat' dir='ltr'>lo·</span> <span class='ocrx_word' id='word_1_178' title='bbox 2300 1580 2331 1613; x_wconf 91' lang='lat'>5.</span> <span class='ocrx_word' id='word_1_179' title='bbox 2357 1581 2500 1624; x_wconf 81' lang='lat' dir='ltr'>Aprilis.</span> 
     </span>
     <span class='ocr_line' id='line_1_21' title="bbox 56 1633 2262 1699; baseline 0.005 -25"><span class='ocrx_word' id='word_1_180' title='bbox 56 1636 203 1689; x_wconf 84' lang='lat' dir='ltr'>quitur:</span> <span class='ocrx_word' id='word_1_181' title='bbox 234 1633 461 1685; x_wconf 84' lang='lat' dir='ltr'>“Quoniam</span> <span class='ocrx_word' id='word_1_182' title='bbox 490 1635 666 1673; x_wconf 89' lang='lat' dir='ltr'>universi</span> <span class='ocrx_word' id='word_1_183' title='bbox 695 1636 970 1687; x_wconf 82' lang='lat' dir='ltr'>progenitores</span> <span class='ocrx_word' id='word_1_184' title='bbox 1000 1639 1122 1676; x_wconf 90' lang='lat' dir='ltr'>nostri</span> <span class='ocrx_word' id='word_1_185' title='bbox 1152 1637 1200 1676; x_wconf 88' lang='lat' dir='ltr'>ab</span> <span class='ocrx_word' id='word_1_186' title='bbox 1228 1639 1400 1691; x_wconf 84' lang='lat' dir='ltr'>antiquis</span> <span class='ocrx_word' id='word_1_187' title='bbox 1430 1641 1675 1693; x_wconf 86' lang='lat' dir='ltr'>temporibus</span> <span class='ocrx_word' id='word_1_188' title='bbox 1705 1643 1742 1680; x_wconf 93' lang='lat' dir='ltr'>in</span> <span class='ocrx_word' id='word_1_189' title='bbox 1781 1642 1952 1682; x_wconf 85' lang='lat' dir='ltr'>ecclesia</span> <span class='ocrx_word' id='word_1_190' title='bbox 1981 1643 2168 1684; x_wconf 86' lang='lat' dir='ltr'>Brewadt</span> <span class='ocrx_word' id='word_1_191' title='bbox 2191 1647 2262 1699; x_wconf 91' lang='lat' dir='ltr'>jus</span> 
     </span>
     <span class='ocr_line' id='line_1_22' title="bbox 53 1703 2262 1764; baseline 0.004 -18"><span class='ocrx_word' id='word_1_192' title='bbox 53 1705 251 1746; x_wconf 86' lang='lat' dir='ltr'>habebant</span> <span class='ocrx_word' id='word_1_193' title='bbox 273 1703 552 1758; x_wconf 78' lang='lat' dir='ltr'>praesentandi,</span> <span class='ocrx_word' id='word_1_194' title='bbox 581 1706 732 1743; x_wconf 89' lang='lat' dir='ltr'>ratione</span> <span class='ocrx_word' id='word_1_195' title='bbox 757 1706 1062 1758; x_wconf 89' lang='lat' dir='ltr'>possessionum</span> <span class='ocrx_word' id='word_1_196' title='bbox 1089 1712 1307 1747; x_wconf 88' lang='lat' dir='ltr'>nostrarum</span> <span class='ocrx_word' id='word_1_197' title='bbox 1334 1710 1371 1747; x_wconf 92' lang='lat' dir='ltr'>in</span> <span class='ocrx_word' id='word_1_198' title='bbox 1399 1709 1633 1763; x_wconf 84' lang='lat' dir='ltr'>Suanstorp,</span> <span class='ocrx_word' id='word_1_199' title='bbox 1663 1725 1763 1764; x_wconf 88' lang='lat' dir='ltr'>quas</span> <span class='ocrx_word' id='word_1_200' title='bbox 1793 1742 1912 1751; x_wconf 89' lang='grc'><strong>.....</strong></span> <span class='ocrx_word' id='word_1_201' title='bbox 1942 1714 2148 1754; x_wconf 87' lang='lat' dir='ltr'>monachis</span> <span class='ocrx_word' id='word_1_202' title='bbox 2163 1715 2262 1756; x_wconf 90' lang='lat' dir='ltr'>Loci</span> 
     </span>
     <span class='ocr_line' id='line_1_23' title="bbox 50 1775 2261 1837; baseline 0.004 -21"><span class='ocrx_word' id='word_1_203' title='bbox 50 1777 127 1816; x_wconf 91' lang='lat' dir='ltr'>Dei</span> <span class='ocrx_word' id='word_1_204' title='bbox 155 1776 497 1823; x_wconf 87' lang='lat' dir='ltr'>contulimus...‚</span> <span class='ocrx_word' id='word_1_205' title='bbox 534 1779 717 1814; x_wconf 86' lang='lat' dir='ltr'>constare</span> <span class='ocrx_word' id='word_1_206' title='bbox 754 1775 938 1814; x_wconf 78' lang='lat' dir='ltr'>volumus</span> <span class='ocrx_word' id='word_1_207' title='bbox 974 1778 1194 1824; x_wconf 82' lang='lat' dir='ltr'>universis,</span> <span class='ocrx_word' id='word_1_208' title='bbox 1238 1778 1345 1831; x_wconf 87' lang='lat' dir='ltr'>quod</span> <span class='ocrx_word' id='word_1_209' title='bbox 1379 1780 1484 1818; x_wconf 92' lang='lat' dir='ltr'>sicut</span> <span class='ocrx_word' id='word_1_210' title='bbox 1519 1780 1670 1820; x_wconf 87' lang='lat' dir='ltr'>eisdem</span> <span class='ocrx_word' id='word_1_211' title='bbox 1708 1782 1894 1822; x_wconf 85' lang='lat' dir='ltr'>fratribus</span> <span class='ocrx_word' id='word_1_212' title='bbox 1932 1783 2060 1823; x_wconf 86' lang='lat' dir='ltr'>dictas</span> <span class='ocrx_word' id='word_1_213' title='bbox 2097 1798 2261 1837; x_wconf 89' lang='lat' dir='ltr'>posses-</span> 
     </span>
     <span class='ocr_line' id='line_1_24' title="bbox 53 1846 2260 1904; baseline 0.004 -18"><span class='ocrx_word' id='word_1_214' title='bbox 53 1848 189 1887; x_wconf 89' lang='lat' dir='ltr'>siones</span> <span class='ocrx_word' id='word_1_215' title='bbox 225 1846 487 1894; x_wconf 84' lang='lat' dir='ltr'>contulimus,</span> <span class='ocrx_word' id='word_1_216' title='bbox 531 1847 585 1885; x_wconf 89' lang='lat' dir='ltr'>ita</span> <span class='ocrx_word' id='word_1_217' title='bbox 622 1847 684 1885; x_wconf 88' lang='lat' dir='ltr'>eis</span> <span class='ocrx_word' id='word_1_218' title='bbox 722 1849 846 1885; x_wconf 86' lang='lat' dir='ltr'>totum</span> <span class='ocrx_word' id='word_1_219' title='bbox 880 1847 951 1899; x_wconf 87' lang='lat' dir='ltr'>jus</span> <span class='ocrx_word' id='word_1_220' title='bbox 987 1851 1162 1886; x_wconf 89' lang='lat' dir='ltr'>nostrum</span> <span class='ocrx_word' id='word_1_221' title='bbox 1200 1851 1240 1886; x_wconf 92' lang='lat' dir='ltr'>et</span> <span class='ocrx_word' id='word_1_222' title='bbox 1276 1849 1466 1901; x_wconf 89' lang='lat' dir='ltr'>quicquid</span> <span class='ocrx_word' id='word_1_223' title='bbox 1489 1851 1596 1902; x_wconf 87' lang='lat' dir='ltr'>juris</span> <span class='ocrx_word' id='word_1_224' title='bbox 1627 1852 1663 1890; x_wconf 92' lang='lat' dir='ltr'>in</span> <span class='ocrx_word' id='word_1_225' title='bbox 1695 1851 1800 1891; x_wconf 89' lang='lat' dir='ltr'>dicta</span> <span class='ocrx_word' id='word_1_226' title='bbox 1829 1853 1997 1892; x_wconf 87' lang='lat' dir='ltr'>ecclesia</span> <span class='ocrx_word' id='word_1_227' title='bbox 2029 1853 2260 1904; x_wconf 83' lang='lat' dir='ltr'>habuimus,</span> 
     </span>
     <span class='ocr_line' id='line_1_25' title="bbox 53 1915 2259 1970; baseline 0.004 -13"><span class='ocrx_word' id='word_1_228' title='bbox 53 1920 90 1957; x_wconf 93' lang='lat' dir='ltr'>in</span> <span class='ocrx_word' id='word_1_229' title='bbox 113 1920 346 1970; x_wconf 90' lang='lat' dir='ltr'>perpetuum</span> <span class='ocrx_word' id='word_1_230' title='bbox 375 1916 569 1955; x_wconf 87' lang='lat' dir='ltr'>donamus</span> <span class='ocrx_word' id='word_1_231' title='bbox 597 1915 925 1969; x_wconf 84' lang='lat' dir='ltr'>possidendum’&#39;.</span> <span class='ocrx_word' id='word_1_232' title='bbox 967 1939 1013 1946; x_wconf 84' lang='lat'>-</span> <span class='ocrx_word' id='word_1_233' title='bbox 1051 1917 1193 1970; x_wconf 59' lang='lat' dir='ltr'>Rapis,</span> <span class='ocrx_word' id='word_1_234' title='bbox 1232 1931 1333 1957; x_wconf 88' lang='lat' dir='ltr'>anno</span> <span class='ocrx_word' id='word_1_235' title='bbox 1363 1918 1412 1957; x_wconf 88' lang='lat' dir='ltr'>ab</span> <span class='ocrx_word' id='word_1_236' title='bbox 1442 1921 1708 1960; x_wconf 87' lang='lat' dir='ltr'>incarnatione</span> <span class='ocrx_word' id='word_1_237' title='bbox 1738 1922 1886 1962; x_wconf 91' lang='lat' dir='ltr'>domini</span> <span class='ocrx_word' id='word_1_238' title='bbox 1914 1923 2114 1964; x_wconf 84' lang='lat' dir='ltr'>MCCLII.</span> <span class='ocrx_word' id='word_1_239' title='bbox 2144 1940 2259 1966; x_wconf 85' lang='lat' dir='ltr'>nona-</span> 
     </span>
     <span class='ocr_line' id='line_1_26' title="bbox 53 1986 1403 2047; baseline -0.005 -20"><span class='ocrx_word' id='word_1_240' title='bbox 53 2002 133 2028; x_wconf 88' lang='lat' dir='ltr'>rum</span> <span class='ocrx_word' id='word_1_241' title='bbox 164 1988 329 2036; x_wconf 86' lang='lat' dir='ltr'>(nonas,</span> <span class='ocrx_word' id='word_1_242' title='bbox 359 1987 493 2035; x_wconf 91' lang='lat' dir='ltr'>nonis)</span> <span class='ocrx_word' id='word_1_243' title='bbox 522 1986 689 2039; x_wconf 90' lang='lat' dir='ltr'>Aprilis.</span> <span class='ocrx_word' id='word_1_244' title='bbox 1400 2040 1403 2047; x_wconf 25' lang='lat' dir='ltr'><em>r</em></span> 
     </span>
     <span class='ocr_line' id='line_1_27' title="bbox 443 2056 2260 2100; baseline 0.006 -11"><span class='ocrx_word' id='word_1_245' title='bbox 443 2056 629 2098; x_wconf 79' lang='lat' dir='ltr'>Langebek</span> <span class='ocrx_word' id='word_1_246' title='bbox 655 2056 797 2099; x_wconf 55' lang='lat' dir='ltr'>Scriptt„</span> <span class='ocrx_word' id='word_1_247' title='bbox 819 2057 917 2089; x_wconf 78' lang='lat' dir='ltr'>VIH.</span> <span class='ocrx_word' id='word_1_248' title='bbox 948 2056 1115 2089; x_wconf 76' lang='lat'>113—14.</span> <span class='ocrx_word' id='word_1_249' title='bbox 1144 2056 1218 2090; x_wconf 88' lang='lat'>116.</span> <span class='ocrx_word' id='word_1_250' title='bbox 1248 2058 1324 2090; x_wconf 86' lang='lat'>117.</span> <span class='ocrx_word' id='word_1_251' title='bbox 1352 2057 1428 2092; x_wconf 86' lang='grc'><strong>120.</strong></span> <span class='ocrx_word' id='word_1_252' title='bbox 1457 2057 1531 2091; x_wconf 87' lang='grc'><strong>126.</strong></span> <span class='ocrx_word' id='word_1_253' title='bbox 1561 2059 1731 2094; x_wconf 85' lang='grc'><strong>127-28.</strong></span> <span class='ocrx_word' id='word_1_254' title='bbox 1761 2061 1836 2095; x_wconf 86' lang='grc'><strong>128.</strong></span> <span class='ocrx_word' id='word_1_255' title='bbox 1894 2062 2023 2098; x_wconf 86' lang='lat' dir='ltr'>Ultimo</span> <span class='ocrx_word' id='word_1_256' title='bbox 2054 2064 2128 2099; x_wconf 85' lang='lat' dir='ltr'>loco</span> <span class='ocrx_word' id='word_1_257' title='bbox 2152 2065 2260 2100; x_wconf 82' lang='lat' dir='ltr'>literae</span> 
     </span>
     <span class='ocr_line' id='line_1_28' title="bbox 444 2118 1370 2162; baseline 0.002 -12"><span class='ocrx_word' id='word_1_258' title='bbox 444 2129 532 2151; x_wconf 85' lang='lat' dir='ltr'>anno</span> <span class='ocrx_word' id='word_1_259' title='bbox 556 2118 715 2152; x_wconf 88' lang='lat' dir='ltr'>MCCLI.</span> <span class='ocrx_word' id='word_1_260' title='bbox 741 2120 784 2152; x_wconf 85' lang='lat'>11.</span> <span class='ocrx_word' id='word_1_261' title='bbox 810 2129 916 2151; x_wconf 84' lang='lat' dir='ltr'>nonas</span> <span class='ocrx_word' id='word_1_262' title='bbox 940 2118 1070 2162; x_wconf 80' lang='lat' dir='ltr'>Aprilis</span> <span class='ocrx_word' id='word_1_263' title='bbox 1095 2119 1178 2152; x_wconf 84' lang='lat' dir='ltr'>datae</span> <span class='ocrx_word' id='word_1_264' title='bbox 1203 2119 1370 2152; x_wconf 86' lang='lat' dir='ltr'>dicuntur.</span> 
     </span>
     <span class='ocr_line' id='line_1_29' title="bbox 311 2190 2484 2254; baseline 0.005 -23"><span class='ocrx_word' id='word_1_265' title='bbox 311 2191 441 2241; x_wconf 68' lang='lat'>[923]</span> <span class='ocrx_word' id='word_1_266' title='bbox 500 2190 827 2232; x_wconf 66' lang='lat' dir='ltr'>Cunisropnom</span> <span class='ocrx_word' id='word_1_267' title='bbox 871 2193 977 2243; x_wconf 89' lang='lat' dir='ltr'>regis</span> <span class='ocrx_word' id='word_1_268' title='bbox 1018 2193 1223 2245; x_wconf 82' lang='lat' dir='ltr'>privilegia</span> <span class='ocrx_word' id='word_1_269' title='bbox 1266 2193 1422 2232; x_wconf 86' lang='lat' dir='ltr'>civibus</span> <span class='ocrx_word' id='word_1_270' title='bbox 1459 2194 1709 2246; x_wconf 90' lang='lat' dir='ltr'>Ripensibus</span> <span class='ocrx_word' id='word_1_271' title='bbox 1752 2195 1863 2243; x_wconf 87' lang='lat' dir='ltr'>data,</span> <span class='ocrx_word' id='word_1_272' title='bbox 1907 2201 1996 2245; x_wconf 82' lang='lat' dir='ltr'>“ut,</span> <span class='ocrx_word' id='word_1_273' title='bbox 2039 2199 2260 2254; x_wconf 85' lang='lat' dir='ltr'>ubicunque</span> <span class='ocrx_word' id='word_1_274' title='bbox 2297 2202 2351 2236; x_wconf 82' lang='lat'>25·</span> <span class='ocrx_word' id='word_1_275' title='bbox 2388 2204 2484 2237; x_wconf 80' lang='lat' dir='ltr'>Julii·</span> 
     </span>
     <span class='ocr_line' id='line_1_30' title="bbox 52 2257 2261 2315; baseline 0.002 -10"><span class='ocrx_word' id='word_1_276' title='bbox 52 2265 148 2305; x_wconf 81' lang='lat' dir='ltr'>infra</span> <span class='ocrx_word' id='word_1_277' title='bbox 173 2257 365 2304; x_wconf 91' lang='lat' dir='ltr'>terminos</span> <span class='ocrx_word' id='word_1_278' title='bbox 394 2263 503 2315; x_wconf 87' lang='lat' dir='ltr'>regni</span> <span class='ocrx_word' id='word_1_279' title='bbox 533 2263 815 2314; x_wconf 78' lang='lat' dir='ltr'>negotiationis</span> <span class='ocrx_word' id='word_1_280' title='bbox 844 2275 965 2301; x_wconf 86' lang='lat' dir='ltr'>causa</span> <span class='ocrx_word' id='word_1_281' title='bbox 994 2271 1081 2301; x_wconf 90' lang='lat' dir='ltr'>cum</span> <span class='ocrx_word' id='word_1_282' title='bbox 1112 2264 1196 2301; x_wconf 88' lang='lat' dir='ltr'>suis</span> <span class='ocrx_word' id='word_1_283' title='bbox 1227 2264 1495 2302; x_wconf 90' lang='lat' dir='ltr'>mercimoniis</span> <span class='ocrx_word' id='word_1_284' title='bbox 1525 2264 1769 2311; x_wconf 84' lang='lat' dir='ltr'>devenerint,</span> <span class='ocrx_word' id='word_1_285' title='bbox 1813 2266 1923 2306; x_wconf 91' lang='lat' dir='ltr'>liberi</span> <span class='ocrx_word' id='word_1_286' title='bbox 1967 2282 2061 2307; x_wconf 89' lang='lat' dir='ltr'>esse</span> <span class='ocrx_word' id='word_1_287' title='bbox 2091 2269 2261 2310; x_wconf 89' lang='lat' dir='ltr'>debeant</span> 
     </span>
     <span class='ocr_line' id='line_1_31' title="bbox 49 2331 2260 2392; baseline 0.002 -17"><span class='ocrx_word' id='word_1_288' title='bbox 49 2340 90 2375; x_wconf 87' lang='lat' dir='ltr'>et</span> <span class='ocrx_word' id='word_1_289' title='bbox 115 2335 287 2388; x_wconf 85' lang='lat' dir='ltr'>exempti</span> <span class='ocrx_word' id='word_1_290' title='bbox 314 2334 529 2387; x_wconf 85' lang='lat' dir='ltr'>penitusa</span> <span class='ocrx_word' id='word_1_291' title='bbox 557 2332 756 2371; x_wconf 88' lang='lat' dir='ltr'>solutione</span> <span class='ocrx_word' id='word_1_292' title='bbox 787 2331 972 2378; x_wconf 87' lang='lat' dir='ltr'>thelonei,</span> <span class='ocrx_word' id='word_1_293' title='bbox 1003 2331 1236 2384; x_wconf 89' lang='lat' dir='ltr'>torghgiald‚</span> <span class='ocrx_word' id='word_1_294' title='bbox 1267 2333 1444 2380; x_wconf 85' lang='lat' dir='ltr'>forband,</span> <span class='ocrx_word' id='word_1_295' title='bbox 1474 2333 1743 2381; x_wconf 83' lang='lat' dir='ltr'>strandvrek”,</span> <span class='ocrx_word' id='word_1_296' title='bbox 1773 2349 1844 2374; x_wconf 90' lang='lat' dir='ltr'>nec</span> <span class='ocrx_word' id='word_1_297' title='bbox 1873 2350 1948 2375; x_wconf 91' lang='lat' dir='ltr'>non</span> <span class='ocrx_word' id='word_1_298' title='bbox 1973 2343 2016 2376; x_wconf 92' lang='lat' dir='ltr'>ut</span> <span class='ocrx_word' id='word_1_299' title='bbox 2045 2340 2260 2392; x_wconf 82' lang='lat' dir='ltr'>“quicquid</span> 
     </span>
     <span class='ocr_line' id='line_1_32' title="bbox 49 2402 2259 2455; baseline 0.002 -11"><span class='ocrx_word' id='word_1_300' title='bbox 49 2408 256 2444; x_wconf 85' lang='lat' dir='ltr'>senatores</span> <span class='ocrx_word' id='word_1_301' title='bbox 285 2406 326 2442; x_wconf 90' lang='lat' dir='ltr'>et</span> <span class='ocrx_word' id='word_1_302' title='bbox 353 2403 542 2442; x_wconf 88' lang='lat' dir='ltr'>consules</span> <span class='ocrx_word' id='word_1_303' title='bbox 571 2402 765 2441; x_wconf 89' lang='lat' dir='ltr'>dictorum</span> <span class='ocrx_word' id='word_1_304' title='bbox 797 2403 940 2441; x_wconf 85' lang='lat' dir='ltr'>civium</span> <span class='ocrx_word' id='word_1_305' title='bbox 971 2402 1088 2440; x_wconf 91' lang='lat' dir='ltr'>simul</span> <span class='ocrx_word' id='word_1_306' title='bbox 1118 2416 1204 2441; x_wconf 91' lang='lat' dir='ltr'>cum</span> <span class='ocrx_word' id='word_1_307' title='bbox 1234 2403 1425 2442; x_wconf 85' lang='lat' dir='ltr'>advocato</span> <span class='ocrx_word' id='word_1_308' title='bbox 1456 2404 1564 2454; x_wconf 85' lang='lat' dir='ltr'>regio</span> <span class='ocrx_word' id='word_1_309' title='bbox 1594 2404 1815 2443; x_wconf 85' lang='lat' dir='ltr'>faciendum</span> <span class='ocrx_word' id='word_1_310' title='bbox 1841 2405 2104 2455; x_wconf 85' lang='lat' dir='ltr'>decreverint,</span> <span class='ocrx_word' id='word_1_311' title='bbox 2132 2414 2259 2449; x_wconf 88' lang='lat' dir='ltr'>ratum</span> 
     </span>
     <span class='ocr_line' id='line_1_33' title="bbox 53 2473 2256 2531; baseline 0.002 -17"><span class='ocrx_word' id='word_1_312' title='bbox 53 2477 91 2514; x_wconf 90' lang='lat' dir='ltr'>et</span> <span class='ocrx_word' id='word_1_313' title='bbox 112 2473 268 2521; x_wconf 88' lang='lat' dir='ltr'>stabile,</span> <span class='ocrx_word' id='word_1_314' title='bbox 296 2476 446 2513; x_wconf 89' lang='lat' dir='ltr'>remota</span> <span class='ocrx_word' id='word_1_315' title='bbox 470 2485 792 2525; x_wconf 84' lang='lat' dir='ltr'>quorumcunque</span> <span class='ocrx_word' id='word_1_316' title='bbox 823 2473 1043 2511; x_wconf 89' lang='lat' dir='ltr'>concivium</span> <span class='ocrx_word' id='word_1_317' title='bbox 1076 2473 1367 2520; x_wconf 88' lang='lat' dir='ltr'>reclamatione,</span> <span class='ocrx_word' id='word_1_318' title='bbox 1397 2473 1624 2512; x_wconf 87' lang='lat' dir='ltr'>habeatur&#39;’.</span> <span class='ocrx_word' id='word_1_319' title='bbox 1642 2496 1690 2502; x_wconf 89' lang='lat'>—</span> <span class='ocrx_word' id='word_1_320' title='bbox 1718 2474 1852 2527; x_wconf 66' lang='lat' dir='ltr'>Elpis,</span> <span class='ocrx_word' id='word_1_321' title='bbox 1883 2480 2021 2515; x_wconf 84' lang='lat' dir='ltr'>octavo</span> <span class='ocrx_word' id='word_1_322' title='bbox 2051 2478 2124 2516; x_wconf 90' lang='lat' dir='ltr'>cal.</span> <span class='ocrx_word' id='word_1_323' title='bbox 2152 2479 2256 2531; x_wconf 85' lang='lat' dir='ltr'>Aug.</span> 
     </span>
     <span class='ocr_line' id='line_1_34' title="bbox 443 2542 2256 2593; baseline 0.005 -19"><span class='ocrx_word' id='word_1_324' title='bbox 443 2544 616 2586; x_wconf 81' lang='lat' dir='ltr'>Terpager</span> <span class='ocrx_word' id='word_1_325' title='bbox 640 2542 734 2585; x_wconf 84' lang='lat' dir='ltr'>Ripae</span> <span class='ocrx_word' id='word_1_326' title='bbox 759 2542 886 2575; x_wconf 84' lang='lat' dir='ltr'>Cimbr.</span> <span class='ocrx_word' id='word_1_327' title='bbox 913 2554 943 2585; x_wconf 90' lang='lat' dir='ltr'>p.</span> <span class='ocrx_word' id='word_1_328' title='bbox 968 2542 1140 2575; x_wconf 77' lang='lat'>686—87.</span> <span class='ocrx_word' id='word_1_329' title='bbox 1195 2543 1380 2584; x_wconf 83' lang='lat' dir='ltr'>Langebek</span> <span class='ocrx_word' id='word_1_330' title='bbox 1404 2542 1543 2585; x_wconf 86' lang='lat' dir='ltr'>Scriptt.</span> <span class='ocrx_word' id='word_1_331' title='bbox 1579 2543 1660 2576; x_wconf 73' lang='lat' dir='ltr'>vu.</span> <span class='ocrx_word' id='word_1_332' title='bbox 1692 2543 1864 2578; x_wconf 79' lang='lat'>326—27.</span> <span class='ocrx_word' id='word_1_333' title='bbox 1921 2547 2011 2580; x_wconf 87' lang='lat' dir='ltr'>Dan.</span> <span class='ocrx_word' id='word_1_334' title='bbox 2035 2546 2177 2591; x_wconf 85' lang='lat' dir='ltr'>interpr.</span> <span class='ocrx_word' id='word_1_335' title='bbox 2202 2559 2256 2593; x_wconf 84' lang='lat' dir='ltr'>ap.</span> 
     </span>
     <span class='ocr_line' id='line_1_35' title="bbox 445 2603 2229 2649; baseline -0.003 -12"><span class='ocrx_word' id='word_1_336' title='bbox 445 2604 615 2647; x_wconf 86' lang='lat' dir='ltr'>Galthen,</span> <span class='ocrx_word' id='word_1_337' title='bbox 639 2605 764 2639; x_wconf 83' lang='lat' dir='ltr'>Beskr.</span> <span class='ocrx_word' id='word_1_338' title='bbox 790 2614 871 2636; x_wconf 89' lang='lat' dir='ltr'>over</span> <span class='ocrx_word' id='word_1_339' title='bbox 891 2603 977 2636; x_wconf 84' lang='lat' dir='ltr'>Bibe</span> <span class='ocrx_word' id='word_1_340' title='bbox 1000 2614 1031 2646; x_wconf 89' lang='lat' dir='ltr'>p.</span> <span class='ocrx_word' id='word_1_341' title='bbox 1061 2603 1136 2636; x_wconf 83' lang='lat'>160.</span> <span class='ocrx_word' id='word_1_342' title='bbox 2227 2646 2229 2649; x_wconf 22' lang='grc' dir='ltr'><strong><em>ι</em></strong></span> 
     </span>
     <span class='ocr_line' id='line_1_36' title="bbox 309 2659 2479 2727; baseline 0.002 -10"><span class='ocrx_word' id='word_1_343' title='bbox 309 2677 438 2726; x_wconf 68' lang='lat'>[924]</span> <span class='ocrx_word' id='word_1_344' title='bbox 497 2659 705 2722; x_wconf 63' lang='lat' dir='ltr'>Cari-rum</span> <span class='ocrx_word' id='word_1_345' title='bbox 734 2677 935 2716; x_wconf 68' lang='lat' dir='ltr'>Rmuxszs</span> <span class='ocrx_word' id='word_1_346' title='bbox 965 2677 1084 2716; x_wconf 87' lang='lat' dir='ltr'>literae</span> <span class='ocrx_word' id='word_1_347' title='bbox 1122 2677 1346 2716; x_wconf 88' lang='lat' dir='ltr'>collationis</span> <span class='ocrx_word' id='word_1_348' title='bbox 1381 2676 1431 2716; x_wconf 88' lang='lat' dir='ltr'>de</span> <span class='ocrx_word' id='word_1_349' title='bbox 1469 2676 1641 2716; x_wconf 89' lang='lat' dir='ltr'>ecclesia</span> <span class='ocrx_word' id='word_1_350' title='bbox 1669 2677 1946 2727; x_wconf 84' lang='lat' dir='ltr'>Bredewatth,</span> <span class='ocrx_word' id='word_1_351' title='bbox 1989 2681 2088 2722; x_wconf 87' lang='lat' dir='ltr'>datae</span> <span class='ocrx_word' id='word_1_352' title='bbox 2124 2696 2256 2723; x_wconf 87' lang='lat' dir='ltr'>mona·</span> <span class='ocrx_word' id='word_1_353' title='bbox 2292 2664 2347 2723; x_wconf 70' lang='grc'><strong>29.</strong></span> <span class='ocrx_word' id='word_1_354' title='bbox 2382 2690 2479 2723; x_wconf 82' lang='lat' dir='ltr'>Julii.</span> 
     </span>
     <span class='ocr_line' id='line_1_37' title="bbox 52 2733 1046 2798; baseline -0.003 -11"><span class='ocrx_word' id='word_1_355' title='bbox 52 2747 140 2788; x_wconf 87' lang='lat' dir='ltr'>chis</span> <span class='ocrx_word' id='word_1_356' title='bbox 167 2747 267 2788; x_wconf 87' lang='lat' dir='ltr'>Loci</span> <span class='ocrx_word' id='word_1_357' title='bbox 294 2748 388 2790; x_wconf 84' lang='lat' dir='ltr'>Dei.</span> <span class='ocrx_word' id='word_1_358' title='bbox 417 2770 467 2776; x_wconf 90' lang='lat'>-</span> <span class='ocrx_word' id='word_1_359' title='bbox 496 2733 648 2798; x_wconf 81' lang='lat' dir='ltr'>Quarto</span> <span class='ocrx_word' id='word_1_360' title='bbox 679 2746 829 2786; x_wconf 89' lang='lat' dir='ltr'>calend.</span> <span class='ocrx_word' id='word_1_361' title='bbox 860 2747 1046 2798; x_wconf 80' lang='lat' dir='ltr'>Augusti.</span> 
     </span>
     <span class='ocr_line' id='line_1_38' title="bbox 438 2815 1205 2860; baseline -0.003 -10"><span class='ocrx_word' id='word_1_362' title='bbox 438 2818 624 2860; x_wconf 78' lang='lat' dir='ltr'>Langebek</span> <span class='ocrx_word' id='word_1_363' title='bbox 648 2816 785 2860; x_wconf 82' lang='lat' dir='ltr'>Scriptt.</span> <span class='ocrx_word' id='word_1_364' title='bbox 810 2817 907 2849; x_wconf 83' lang='lat' dir='ltr'>VIII.</span> <span class='ocrx_word' id='word_1_365' title='bbox 934 2816 1100 2849; x_wconf 73' lang='lat'>11-4-15.</span> <span class='ocrx_word' id='word_1_366' title='bbox 1129 2815 1205 2849; x_wconf 71' lang='lat'>124.</span> 
     </span>
     <span class='ocr_line' id='line_1_39' title="bbox 310 2888 2492 2955; baseline 0.007 -26"><span class='ocrx_word' id='word_1_367' title='bbox 310 2890 439 2948; x_wconf 56' lang='lat'>[225]</span> <span class='ocrx_word' id='word_1_368' title='bbox 498 2890 827 2930; x_wconf 74' lang='lat' dir='ltr'>Cams&#39;rornom</span> <span class='ocrx_word' id='word_1_369' title='bbox 859 2889 964 2941; x_wconf 87' lang='lat' dir='ltr'>regis</span> <span class='ocrx_word' id='word_1_370' title='bbox 991 2889 1259 2941; x_wconf 81' lang='lat' dir='ltr'>privilegium,</span> <span class='ocrx_word' id='word_1_371' title='bbox 1289 2902 1366 2941; x_wconf 92' lang='lat' dir='ltr'>quo</span> <span class='ocrx_word' id='word_1_372' title='bbox 1404 2889 1513 2928; x_wconf 88' lang='lat' dir='ltr'>cives</span> <span class='ocrx_word' id='word_1_373' title='bbox 1543 2888 1822 2930; x_wconf 88' lang='lat' dir='ltr'>Slesvicenses</span> <span class='ocrx_word' id='word_1_374' title='bbox 1857 2905 1881 2931; x_wconf 88' lang='lat' dir='ltr'>a</span> <span class='ocrx_word' id='word_1_375' title='bbox 1917 2893 2121 2944; x_wconf 84' lang='lat' dir='ltr'>theloneo,</span> <span class='ocrx_word' id='word_1_376' title='bbox 2162 2896 2254 2938; x_wconf 87' lang='lat' dir='ltr'>Tor·</span> <span class='ocrx_word' id='word_1_377' title='bbox 2277 2910 2311 2944; x_wconf 84' lang='lat'>2.</span> <span class='ocrx_word' id='word_1_378' title='bbox 2335 2915 2492 2955; x_wconf 78' lang='lat' dir='ltr'>Augusti.</span> 
     </span>
    </p>
   </div>
   <div class='ocr_carea' id='block_1_8' title="bbox 52 2958 1842 3074">
    <p class='ocr_par' dir='ltr' id='par_1_8' title="bbox 52 2958 1842 3074">
     <span class='ocr_line' id='line_1_40' title="bbox 52 2958 1842 3021; baseline 0.001 -22"><span class='ocrx_word' id='word_1_379' title='bbox 52 2959 157 3021; x_wconf 78' lang='lat' dir='ltr'>giald</span> <span class='ocrx_word' id='word_1_380' title='bbox 184 2964 224 3001; x_wconf 90' lang='lat' dir='ltr'>et</span> <span class='ocrx_word' id='word_1_381' title='bbox 251 2960 343 3000; x_wconf 87' lang='lat' dir='ltr'>aliis</span> <span class='ocrx_word' id='word_1_382' title='bbox 371 2960 639 3000; x_wconf 88' lang='lat' dir='ltr'>solutionibus</span> <span class='ocrx_word' id='word_1_383' title='bbox 668 2959 780 2999; x_wconf 89' lang='lat' dir='ltr'>liberi</span> <span class='ocrx_word' id='word_1_384' title='bbox 811 2959 1068 2998; x_wconf 89' lang='lat' dir='ltr'>dimittuntur.</span> <span class='ocrx_word' id='word_1_385' title='bbox 1099 2981 1147 2986; x_wconf 93' lang='lat'>—</span> <span class='ocrx_word' id='word_1_386' title='bbox 1177 2958 1307 3012; x_wconf 72' lang='lat' dir='ltr'>Ripa,</span> <span class='ocrx_word' id='word_1_387' title='bbox 1338 2963 1474 3012; x_wconf 85' lang='lat' dir='ltr'>quarto</span> <span class='ocrx_word' id='word_1_388' title='bbox 1504 2973 1629 2999; x_wconf 85' lang='lat' dir='ltr'>nonas</span> <span class='ocrx_word' id='word_1_389' title='bbox 1656 2960 1842 3013; x_wconf 88' lang='lat' dir='ltr'>Augusti.</span> 
     </span>
     <span class='ocr_line' id='line_1_41' title="bbox 442 3028 1075 3074; baseline -0.005 -11"><span class='ocrx_word' id='word_1_390' title='bbox 442 3031 553 3063; x_wconf 84' lang='lat' dir='ltr'>Noodt</span> <span class='ocrx_word' id='word_1_391' title='bbox 578 3032 750 3074; x_wconf 64' lang='lat' dir='ltr'>Beytrage</span> <span class='ocrx_word' id='word_1_392' title='bbox 775 3030 801 3062; x_wconf 88' lang='lat'>1.</span> <span class='ocrx_word' id='word_1_393' title='bbox 826 3040 857 3072; x_wconf 87' lang='lat' dir='ltr'>p.</span> <span class='ocrx_word' id='word_1_394' title='bbox 886 3028 1075 3061; x_wconf 68' lang='lat'>164—165.</span> 
     </span>
    </p>
   </div>
   <div class='ocr_carea' id='block_1_9' title="bbox 309 3100 2493 3165">
    <p class='ocr_par' dir='ltr' id='par_1_9' title="bbox 309 3100 2493 3165">
     <span class='ocr_line' id='line_1_42' title="bbox 309 3100 2493 3165; baseline 0.007 -23"><span class='ocrx_word' id='word_1_395' title='bbox 309 3103 438 3151; x_wconf 64' lang='lat'>[926]</span> <span class='ocrx_word' id='word_1_396' title='bbox 495 3102 640 3142; x_wconf 86' lang='lat' dir='ltr'>Literae</span> <span class='ocrx_word' id='word_1_397' title='bbox 677 3103 1021 3148; x_wconf 71' lang='lat' dir='ltr'>Cnnrsrornom,</span> <span class='ocrx_word' id='word_1_398' title='bbox 1063 3100 1262 3140; x_wconf 87' lang='lat' dir='ltr'>Danorum</span> <span class='ocrx_word' id='word_1_399' title='bbox 1306 3101 1590 3155; x_wconf 83' lang='lat' dir='ltr'>Slavorumque</span> <span class='ocrx_word' id='word_1_400' title='bbox 1633 3104 1758 3156; x_wconf 88' lang='lat' dir='ltr'>regis,</span> <span class='ocrx_word' id='word_1_401' title='bbox 1801 3103 1947 3157; x_wconf 87' lang='lat' dir='ltr'>quibus</span> <span class='ocrx_word' id='word_1_402' title='bbox 1988 3107 2169 3151; x_wconf 86' lang='lat' dir='ltr'>abbatem</span> <span class='ocrx_word' id='word_1_403' title='bbox 2213 3117 2253 3153; x_wconf 87' lang='lat' dir='ltr'>et</span> <span class='ocrx_word' id='word_1_404' title='bbox 2275 3120 2309 3154; x_wconf 89' lang='lat'>5.</span> <span class='ocrx_word' id='word_1_405' title='bbox 2333 3123 2493 3165; x_wconf 77' lang='lat' dir='ltr'>Augusti.</span> 
     </span>
    </p>
   </div>
   <div class='ocr_carea' id='block_1_10' title="bbox 54 3171 1982 3286">
    <p class='ocr_par' dir='ltr' id='par_1_10' title="bbox 54 3171 1982 3286">
     <span class='ocr_line' id='line_1_43' title="bbox 54 3171 1982 3228; baseline 0.004 -19"><span class='ocrx_word' id='word_1_406' title='bbox 54 3175 286 3212; x_wconf 86' lang='lat' dir='ltr'>conventum</span> <span class='ocrx_word' id='word_1_407' title='bbox 313 3172 415 3214; x_wconf 89' lang='lat' dir='ltr'>Loci</span> <span class='ocrx_word' id='word_1_408' title='bbox 436 3172 519 3212; x_wconf 46' lang='lat' dir='ltr'>‘Dei</span> <span class='ocrx_word' id='word_1_409' title='bbox 549 3172 624 3212; x_wconf 89' lang='lat' dir='ltr'>sub</span> <span class='ocrx_word' id='word_1_410' title='bbox 655 3172 819 3225; x_wconf 85' lang='lat' dir='ltr'>speciali</span> <span class='ocrx_word' id='word_1_411' title='bbox 847 3185 920 3210; x_wconf 88' lang='lat' dir='ltr'>sua</span> <span class='ocrx_word' id='word_1_412' title='bbox 948 3172 1191 3224; x_wconf 88' lang='lat' dir='ltr'>protectione</span> <span class='ocrx_word' id='word_1_413' title='bbox 1221 3171 1373 3225; x_wconf 86' lang='lat' dir='ltr'>recipit.</span> <span class='ocrx_word' id='word_1_414' title='bbox 1403 3193 1453 3202; x_wconf 90' lang='lat'>-</span> <span class='ocrx_word' id='word_1_415' title='bbox 1482 3172 1624 3226; x_wconf 74' lang='lat' dir='ltr'>Ripz&#39;s,</span> <span class='ocrx_word' id='word_1_416' title='bbox 1654 3174 1770 3214; x_wconf 90' lang='lat' dir='ltr'>nonis</span> <span class='ocrx_word' id='word_1_417' title='bbox 1797 3174 1982 3228; x_wconf 86' lang='lat' dir='ltr'>Augusti.</span> 
     </span>
     <span class='ocr_line' id='line_1_44' title="bbox 441 3241 1001 3286; baseline -0.004 -10"><span class='ocrx_word' id='word_1_418' title='bbox 441 3242 629 3285; x_wconf 81' lang='lat' dir='ltr'>Langebek</span> <span class='ocrx_word' id='word_1_419' title='bbox 655 3241 795 3286; x_wconf 79' lang='lat' dir='ltr'>scriptt.</span> <span class='ocrx_word' id='word_1_420' title='bbox 819 3242 897 3276; x_wconf 90' lang='lat' dir='ltr'>VII.</span> <span class='ocrx_word' id='word_1_421' title='bbox 922 3241 1001 3275; x_wconf 77' lang='lat'>325.</span> 
     </span>
    </p>
   </div>
  </div>
 </body>
</html>
