2649 3686
151 302 269 342 1379.

132 387 160 419 1.
185 386 292 420 Junii.

128 732 179 779 io.
211 731 307 765 suni.

84 1202 137 1233 20.
161 1199 317 1242 Augusti.

81 1535 134 1566 20.
155 1531 311 1575 Augusti.

112 1963 144 1993 3.
170 1961 305 1994 Octobr.

102 2174 155 2204 20.
190 2172 309 2206 Decbr.

152 2507 266 2546 1380,

122 2590 171 2622 11.
203 2591 300 2623 Febr.

135 3007 167 3038 5.
200 3006 297 3046 Maji.

340 113 437 162 320
898 79 902 84 ⁵
1267 103 1422 151 Koxo
1457 101 1614 151 Omm.

1364 271 1510 320 1379.

602 379 746 430 [2727]
802 377 942 416 Literae
979 371 1183 412 divisionis
1218 367 1406 407 bonorum
1445 367 1609 406 GYTHE
1639 365 2003 406 maumam-rma
2041 368 2140 406 inter
2168 366 2314 406 liberos
2344 368 2378 406 ei
2408 381 2543 422 super·

341 453 476 498 stItes,
514 449 780 490 Thorhemum
810 446 916 484 Petri
955 444 1110 481 militem
1142 439 1207 492 (ex
1252 438 1314 476 sui
1357 437 1485 489 ipsius
1529 440 1639 488 parte
1682 439 1721 474 et
1757 436 1965 475 liberorum
2003 437 2135 476 fratris
2172 438 2235 476 sui
2272 439 2443 488 germani
2479 437 2547 477 dfii

343 521 545 573 Laghonis
573 520 688 563 Petri,
721 529 882 569 quorum
906 517 1009 551 tutor
1032 511 1128 556 erat)
1158 512 1196 547 et
1225 507 1340 545 duam
1364 506 1613 551 Christinaln,
1650 505 1823 544 relictam
1854 505 2049 545 Johannis
2081 506 2244 558 Trugoti
2276 507 2421 551 militis,
2449 521 2543 560 prae·

343 595 455 630 sente
471 590 616 640 Magno
639 587 762 626 electo
786 583 1078 634 archiepiscopo
1095 577 1313 617 Lundensi.
1335 598 1385 603 -—
1408 575 1458 615 In
1474 577 1591 614 curia
1606 576 1834 628 principali
1845 575 2008 629 Lynby,
2038 580 2176 628 quarta
2200 577 2260 615 die
2276 580 2543 628 pentecostes.

730 658 865 694 Magaz.
891 652 946 682 for
971 649 1079 682 dansk
1105 647 1293 680 Adelshist.
1318 647 1345 679 Ι.
1369 645 1518 677 32-34,

603 716 745 768 [2728]
802 713 1002 762 Dronning
1031 710 1300 749 MARGRETES
1331 706 1456 752 Bvev,
1500 706 1610 745 hvori
1640 705 1718 744 hun
1748 705 1983 758 hekjender,
2026 710 2066 745 at
2102 707 2138 747 ai
2168 706 2365 758 Tvedragt
2391 707 2545 749 meilem

342 791 468 830 hende
497 804 546 841 og
575 785 819 827 Kannikerne
848 783 859 820 i
887 780 1002 820 Lund
1032 793 1072 819 er
1101 779 1213 824 endt,
1243 791 1294 829 og
1323 777 1502 816 erklaerer
1530 779 1570 815 at
1598 775 1698 814 have
1727 777 1833 827 givet
1861 777 1924 827 sig
1953 777 1964 814 i
1994 776 2068 815 den
2098 776 2242 828 hellige
2270 777 2545 818 Laurentius’s

342 861 548 913 Tjeneste,
592 870 642 907 og
679 856 811 907 gjerne
847 852 896 890 vil
935 864 1035 889 vaere
1070 849 1171 888 hans
1203 846 1561 901 Tjenesteqvinde,
1607 859 1658 897 og
1686 845 1835 885 befaier
1871 846 2090 898 desaarsag
2127 847 2213 885 sine
2243 846 2544 886 Embedsmaend

339 945 415 984 paa
441 926 656 981 Lyndholm
688 928 727 963 at
755 920 912 961 asholde
942 922 1005 971 sig
1035 920 1090 958 fra
1120 923 1161 958 at
1189 917 1362 970 bebyrde
1391 915 1666 955 Kannikernes
1696 917 1913 968 Altergods
1944 916 2037 955 eiler
2066 916 2291 967 Kirkegods
2315 916 2408 955 ellel·
2429 915 2544 957 detes
2595 963 2599 969 ι

340 998 547 1039 Vordnede
576 994 663 1034 med
696 992 852 1031 Skatter
877 990 969 1029 elier
997 989 1180 1028 Ydeiser.
1213 1010 1263 1016 —
1294 987 1478 1034 Lzmde'S,
1506 987 1595 1038 ipso
1626 986 1688 1025 die
1719 985 1822 1025 beati
1851 986 1996 1025 Kanuti
2026 988 2131 1037 regis
2160 990 2198 1025 et
2224 986 2415 1038 martyris.

724 1061 882 1094 Molbech
920 1070 964 1101 og
994 1061 1156 1092 Petersen
1187 1057 1331 1090 Danske
1365 1055 1540 1099 Diplomer
1574 1057 1601 1089 1.
1632 1056 1736 1089 6—7.
1795 1057 1910 1098 Udtog
1941 1056 2005 1089 hos
2037 1055 2270 1098 Lagei-bring,
2308 1059 2401 1090 svea.
2435 1056 2545 1091 Rikes

725 1121 881 1155 Historia
905 1121 965 1154 111.
990 1120 1164 1153 695—96.
1919 1113 1921 1117 ’

599 1185 741 1236 [2729.]
799 1184 939 1223 Literae
967 1183 1184 1222 JOHANNIS
1215 1193 1325 1220 mc'rl
1356 1179 1566 1218 anmcn
1596 1180 1732 1218 militis
1769 1178 1818 1218 He
1855 1178 2113 1226 Τιιὸῐηοιισ,
2157 1178 2301 1232 quibus
2337 1181 2545 1220 conventui

339 1262 376 1298 et
412 1257 540 1298 abbati
571 1256 793 1294 monasterii
822 1253 979 1304 Lugum
1017 1266 1089 1305 pro
1128 1251 1194 1290 CL
1231 1252 1373 1290 marcis
1412 1238 1716 1289 Lubecensibus
1753 1263 1905 1288 omnem
1941 1250 2195 1303 temporaiem
2227 1250 2544 1302 jurisdictionem

337 1332 398 1368 ‘'in
428 1326 610 1381 parochia
641 1325 798 1375 Lugum
829 1324 918 1362 villa
945 1321 1091 1361 Alsleff
1116 1326 1154 1361 et
1184 1335 1323 1374 campo
1353 1319 1566 1359 Kumleth‘'
1595 1319 1737 1366 donat,
1768 1323 1806 1360 et
1835 1319 1997 1358 fundum
2027 1320 2065 1358 in
2094 1320 2326 1372 Biernetorp
2357 1320 2543 1372 resignat.

337 1421 387 1428 -
418 1397 594 1437 Sabbato
624 1394 720 1433 infra
751 1398 908 1432 octavas
939 1392 1221 1445 assumptionis
1249 1391 1371 1430 beatae
1395 1390 1529 1430 Mariae
1559 1391 1732 1442 virginis.

726 1464 911 1504 Langebek
933 1463 1075 1505 Scriptt.
1100 1462 1197 1495 VIII.
1224 1463 1274 1493 7—
1292 1462 1326 1493 8.

595 1525 749 1574 [2730]
807 1525 947 1564 Literae
991 1524 1190 1570 Neomi,
1240 1522 1394 1562 abbatis
1437 1522 1662 1561 monasterii
1705 1522 1828 1561 Ruris
1871 1521 2010 1572 Regii,
2059 1520 2266 1560 Nicolaum
2310 1521 2405 1560 Slaet
2445 1522 2544 1562 alias

336 1598 477 1637 dictum
508 1596 556 1635 sie
587 1596 860 1641 Guthenlund,
891 1601 930 1634 et
959 1609 1044 1633 cum
1075 1609 1122 1633 eo
1151 1594 1428 1646 participantes
1457 1606 1528 1646 per
1557 1606 1694 1631 omnes
1725 1593 1934 1631 dioeceses
1965 1591 2099 1630 Daniae
2129 1596 2167 1631 et
2192 1591 2381 1631 Hoisatiae
2411 1595 2449 1631 et
2479 1592 2544 1631 aii-

337 1682 436 1721 quas
468 1667 703 1712 Germaniae,
741 1666 911 1717 singuiis
942 1665 1082 1703 diebus
1114 1664 1268 1703 festivis
1298 1668 1336 1702 et
1366 1663 1591 1709 dominicis,
1635 1663 1808 1715 pulsatis
1838 1662 2041 1714 campanis
2071 1666 2109 1701 et
2138 1662 2313 1701 candelis
2343 1662 2544 1709 accensis,

336 1738 706 1777 excommunicatum
724 1740 761 1775 et
777 1735 1143 1775 anathematizatum
1161 1732 1608 1786 pronunciarijubentis.
1630 1755 1682 1762 —
1709 1732 1760 1772 In
1787 1734 2038 1772 monasterio
2057 1731 2184 1772 Ruris
2210 1732 2349 1785 Reqz'i,
2378 1731 2544 1772 sabbato

335 1808 431 1847 infra
461 1811 621 1847 octavas
651 1806 939 1859 assumptionis
971 1805 1093 1844 beata:
1123 1805 1255 1844 Mariae
1283 1804 1459 1855 virginis.

727 1878 902 1919 Terpager
927 1875 1020 1918 Ripae
1045 1875 1173 1908 CImbu
1200 1886 1230 1918 p.
1255 1874 1426 1907 475—76.

597 1949 754 1998 [2731]
812 1949 983 1989 URBAM
1023 1946 1136 1999 (ῩΙῑῑ)
1173 1961 1285 2001 papae
1323 1947 1561 1986 confirmatio
1599 1942 1887 1999 privilegiorum
1916 1947 2142 1986 monasterii
2170 1946 2206 1985 in
2235 1943 2463 1998 Eppleholt.
2491 1967 2545 1975 —

335 2023 491 2069 Romce,
520 2020 570 2059 V.
602 2035 689 2059 non.
722 2018 884 2058 Octobr.

726 2089 914 2131 Langehek
939 2088 1077 2132 Scriptt.
1102 2089 1164 2121 VI.
1194 2087 1361 2119 172—73.

593 2162 739 2213 [2732]
798 2162 962 2208 Literae,
1007 2160 1153 2214 quibus
1196 2160 1349 2199 Eamus
1392 2159 1594 2200 ΡιιΕΜΑΝ
1638 2159 1838 2211 agnoscit,
1883 2172 1928 2198 se
1971 2172 1993 2198 a
2035 2159 2166 2211 regina
2204 2158 2427 2210 Margareta
2467 2160 2542 2199 115

336 2247 487 2274 marcas
515 2235 623 2286 puri,
666 2247 736 2286 pro
776 2232 921 2285 quibus
951 2231 1071 2283 Saeby
1101 2235 1139 2270 et
1166 2229 1388 2283 ,Sybysang
1425 2231 1680 2283 oppignorata
1720 2233 1849 2277 eraut,
1892 2229 2110 2282 accepisse.
2151 2250 2206 2258 —
2248 2229 2462 2279 Holebelt,
2505 2232 2542 2269 in

335 2305 510 2357 profesto
540 2303 576 2342 b.
608 2302 769 2342 Thomae
799 2302 983 2355 apostoli.
1909 2293 1912 2296 ’

726 2373 832 2406 Suhm
857 2371 946 2404 nist.
972 2372 1011 2404 af
1031 2371 1179 2403 Danmk.
1204 2371 1302 2403 XIV.
1328 2369 1500 2403 515—16.

1367 2486 1512 2536 1380.

600 2585 743 2637 [2733]
800 2585 944 2624 Literae
976 2584 1111 2624 OLAw
1141 2584 1265 2635 regis,
1311 2583 1456 2636 quibus
1487 2588 1620 2623 notum
1652 2583 1762 2630 facit,
1801 2581 1905 2635 quod
1943 2582 2099 2621 domino
2129 2581 2344 2621 Benedicto
2375 2582 2541 2635 Byugh,

340 2670 429 2694 vero
458 2655 598 2695 hrcredi
629 2656 772 2694 domini
802 2654 938 2693 Jacobi
968 2655 1180 2694 Niciesson
1221 2654 1269 2693 de
1303 2653 1515 2707 Magieby,
1555 2654 1655 2693 bona
1692 2654 1728 2692 in
1766 2652 2013 2704 *Wangleede
2043 2651 2339 2705 (SVanghetie‘3)
2384 2658 2423 2692 et
2457 2653 2540 2693 Ma-

341 2726 452 2772 liiwe,
482 2726 604 2764 eidem
636 2727 789 2764 domino
817 2724 966 2764 Jacobo
995 2724 1251 2771 Nicheisson,
1279 2737 1348 2776 per
1377 2723 1609 2764 Nichoiaum
1639 2724 1883 2768 Andersson,
1913 2736 1982 2775 pro
2012 2721 2087 2760 XL
2116 2724 2258 2761 marcis
2282 2725 2369 2775 puri
2393 2725 2542 2776 argenti

342 2808 410 2846 per
439 2795 594 2833 modum
628 2795 894 2834 Foru-(Pdelse
922 2795 1198 2848 impignorata,
1241 2794 1361 2834 libere
1397 2794 1640 2847 possidenda
1677 2795 1890 2847 adjudicat.
1932 2814 1986 2822 —
2028 2790 2201 2831 sabbato
2238 2794 2416 2844 proximo
2451 2799 2542 2834 ante

344 2863 572 2902 dominicam
602 2863 810 2904 lnvocavit.

731 2934 1142 2978 Kolderup-Rosenvinge
1167 2937 1261 2967 Bem.
1287 2944 1340 2966 om
1365 2935 1451 2966 Pant
1475 2945 1506 2977 p.
1536 2933 1681 2966 14—15.

603 3005 749 3051 [2734]
808 3007 971 3053 Literae,
1015 3007 1160 3059 quibus
1196 3007 1451 3046 flammeus
1490 3019 1541 3045 nn
1585 3007 1800 3054 Pnnnusx,
1843 3004 1957 3044 miles
1995 3006 2033 3042 et
2072 3005 2179 3056 regni
2210 3004 2342 3046 Daciae
2371 3007 2541 3061 dapifer,

342 3075 412 3126 jus
443 3073 534 3111 dicit
563 3075 660 3113 circa
699 3075 800 3113 iitem
837 3078 932 3115 inter
970 3076 1253 3116 Christiernum
1289 3077 1508 3116 Freiiufsen
1547 3081 1584 3115 et
1621 3076 1814 3129 quendam
1848 3073 2038 3114 Jacobum
2074 3072 2248 3114 Jensson
2287 3077 2538 3117 obtinentem.

348 3163 397 3171 —
424 3141 473 3182 ln
505 3142 718 3183 Siclamlia
737 3148 867 3195 juoeta
899 3146 1206 3199 Sththesnoes,
1236 3147 1414 3199 proximo
1445 3145 1611 3186 sabbato
1641 3151 1733 3200 post
1763 3143 2035 3186 ascensionem
2066 3143 2221 3184 domini.

737 3214 839 3245 subm
866 3215 953 3249 nist.
980 3217 1018 3249 af
1040 3217 1184 3249 Danmk.
1210 3217 1308 3249 XIV.
1333 3215 1411 3249 519.
