2649 3686
317 152 417 202 250
975 146 1130 193 Koxe
1165 140 1506 190 CHRISTOFFER
1542 149 1639 181 max
1673 132 1875 181 A-Nmzx.

438 216 456 239 ο

135 323 254 364 1330.
583 321 738 371 [2079]
794 320 940 370 Forliig
969 316 1134 355 imellem
1164 311 1314 360 Hertug
1341 308 1581 347 VALDEMAR
1618 304 1662 343 af
1685 303 1844 356 Jylland
1874 317 1924 356 og
1954 304 2060 342 Grev
2090 302 2241 342 Get-:ivr
2272 303 2316 341 as
2338 302 2530 342 Holsteen

103 395 131 426 1·
156 392 296 426 0⁰t⁰¹³¹'·
326 408 403 448 paa
431 394 507 433 (len
536 407 608 432 ene
639 391 756 437 Side,
787 403 836 441 og
864 389 964 438 Bisp
992 384 1116 424 Jacob
1147 381 1190 420 as
1212 378 1316 418 Rihe
1347 390 1397 427 og
1426 375 1526 414 hans
1555 374 1714 413 Venner
1743 387 1794 424 og
1822 373 2101 425 Slaegtninger,
2144 372 2213 411 ΗΓ.
2242 372 2355 411 Hans
2381 371 2532 412 Niclas-

325 470 419 511 siin,
448 463 562 502 Hans
592 460 758 512 Splittaf
783 472 832 510 og
860 457 972 495 Hans
999 451 1245 504 Dyndering,
1274 446 1488 491 Vaebnere,
1516 457 1590 497 paa
1624 444 1698 482 den
1728 442 1853 481 anden
1885 443 1995 481 Side.
2027 465 2076 471 —
2113 442 2326 490 Obenraa,
2363 441 2532 494 Remigii

2039 509 2189 567 (Nyere
2219 509 2532 564 Oversaettelse).

717 595 879 629 Hvitfcldt
902 587 1182 635 Bispe-Kronike
1206 598 1237 630 p.
1261 585 1319 617 26.
1367 583 1487 627 'rydsk
1502 583 1625 615 Overs.
1644 580 1920 624 iPontoppidans
1937 581 2072 614 Annali.
2094 581 2176 614 eccl.
2197 583 2285 613 Dan.
2307 581 2351 612 11.
2369 580 2534 615 lio—41.

101 671 130 703 1.
156 669 292 703 Octobr.
585 659 739 709 [2080.]
796 656 1086 697 WAanmm,
1117 649 1230 686 ducis
1258 646 1405 691 Juciae,
1444 648 1483 683 et
1513 643 1767 689 GHERARM,
1805 644 1965 681 comitis
1994 643 2210 682 Holtzaciae
2240 646 2280 682 et
2309 641 2530 683 Stormariae
2559 696 2561 701 ‚

325 732 561 773 confirmatio
590 728 900 783 privilegiorum,
930 722 1117 773 episcopo
1147 716 1320 762 Jacolm,
1350 715 1553 753 canonicis
1582 717 1623 752 et
1651 713 1808 751 clericis
1835 713 2096 765 ecclesiisque
2126 713 2362 752 dioeceseos
2389 712 2532 767 Ripen.

327 533 581 575 Consessoris
610 531 710 581 Dag.

327 805 386 843 sis
414 816 483 855 per
511 813 624 852 reges
652 798 848 837 Danorum
876 795 915 830 et
943 791 1065 828 duces
1093 788 1217 826 Juciae
1247 785 1498 824 indultorum.
1528 806 1578 813 —
1609 783 1753 836 Ripls,
1784 782 1848 821 die
1874 783 2047 835 Remigii
2077 782 2336 822 confessoris,

716 867 886 906 Ter-pager
912 860 1007 902 Ripae
1033 857 1160 891 Cimbr.
1186 866 1230 899 μ’
1246 855 1322 887 186.

83 940 134 972 18.
160 937 296 972 Octobr.
581 927 735 977 [2081]
792 924 933 962 Literae
975 921 1250 959 WALnssmm
1295 916 1411 955 ducis
1444 915 1583 962 Jutiae,
1627 914 1773 968 quibus
1816 915 1946 953 omnia
1987 913 2194 966 privilegia
2235 917 2275 952 et
2313 912 2536 963 libertates,

329 1015 411 1056 quae
440 1000 502 1039 vel
532 1001 618 1051 ipse
647 996 707 1035 vel
735 993 1007 1046 progenitores
1037 991 1127 1042 ejus
1157 987 1290 1026 domui
1320 987 1451 1025 sancti
1480 986 1648 1037 spiritus
1675 985 1712 1022 in
1740 984 1772 1023 F
1776 984 1962 1036 lensburg
1991 986 2295 1030 concesserant,
2325 984 2536 1024 confirmat.

327 1094 374 1100 —
406 1070 447 1110 ln
478 1070 580 1108 sesto
609 1065 736 1105 sancti
765 1062 883 1101 Lucae
913 1059 1180 1110 evangelistae.

712 1132 834 1165 Seelen
866 1128 1082 1162 Memorabil.
1118 1127 1330 1167 Flensburgi
1359 1136 1392 1168 p.
1428 1124 1598 1158 190—91.
1659 1125 1792 1168 Corpus
1830 1126 1995 1157 Statutor.
2028 1124 2233 1157 Slesvicens.
2267 1125 2312 1157 11.
2344 1125 2536 1158 780—782.

713 1195 872 1226 German.
898 1191 1037 1233 interpr.
1062 1192 1131 1222 vet.
1157 1199 1209 1231 ap.
1235 1187 1490 1230 Pontoppidan,
1516 1187 1656 1220 Annali.
1683 1187 1806 1220 eccles.
1832 1188 1919 1219 Dan.
1945 1188 1988 1219 II.
2018 1186 2187 1219 139-40.

95 1262 294 1297 11.Novbr.
580 1256 734 1306 [2082]
791 1254 1006 1293 ,IOHANNIS
1047 1251 1239 1290 Holsatiae
1277 1258 1317 1289 et
1356 1250 1583 1288 Stormariae
1622 1250 1805 1296 comitis,
1847 1248 2052 1287 Lolandiae
2096 1247 2329 1300 Imbriaeque
2372 1246 2536 1296 domini,

322 1331 544 1385 privilegia,
574 1327 728 1367 clericis
758 1328 868 1363 terrae
896 1321 1100 1361 Lolandiae
1131 1333 1340 1360 concessa.
1373 1341 1422 1347 —
1454 1319 1502 1359 In
1533 1327 1672 1359 castro
1701 1319 1933 1365 Aalelzolm,
1963 1319 2001 1357 in
2033 1318 2135 1357 sesto
2159 1317 2320 1356 Martini
2345 1319 2538 1372 episcopi.

708 1394 878 1428 Hvitseldt
903 1394 1022 1424 Danni.
1049 1391 1156 1433 Riges
1182 1393 1290 1423 Kriin.
1315 1401 1346 1433 p.
1371 1390 1451 1422 452.
1478 1389 1549 1432 (ed.
1575 1389 1609 1422 in
1634 1390 1667 1422 4.
1694 1391 1791 1421 Tom.
1817 1389 1878 1422 111.
1904 1400 1936 1431 p.
1960 1387 2074 1431 3810.
2131 1388 2278 1421 Pontan.
2302 1390 2404 1421 Rerr.
2428 1389 2539 1422 Danu.

709 1457 801 1489 nist.
826 1454 921 1487 Libr.
946 1453 1029 1486 VII.
1055 1464 1087 1496 p.
1112 1453 1192 1485 452.
1252 1451 1491 1494 Pontoppidan
1523 1451 1661 1484 Annall.
1694 1450 1815 1483 eccles.
1852 1452 1940 1483 Dan.
1971 1451 2015 1483 II.
2056 1450 2133 1483 137.
2192 1451 2279 1482 Dan.
2311 1450 2453 1494 interpr.
2486 1461 2538 1495 ap.

712 1516 827 1558 Friis,
854 1515 1062 1555 Skjelskors
1090 1515 1212 1546 Beskr.
1239 1525 1269 1556 p.
1295 1513 1468 1545 377—78.
2162 1505 2165 1507 ’

100 1593 132 1625 9.
166 1591 285 1624 Decbr.
582 1579 737 1629 [2083]
793 1578 959 1623 Literae,
989 1575 1134 1629 quibus
1162 1575 1371 1615 KANUTUS
1401 1574 1599 1614 Iwexsox
1632 1575 1762 1613 onmia
1791 1572 1892 1612 hona
1924 1573 1962 1611 in
1992 1572 2281 1612 Waedhaestath
2311 1565 2409 1622 sita,
2452 1588 2536 1628 quae

318 1655 400 1708 jam
431 1652 600 1698 Cecilia,
630 1662 770 1689 socrus
800 1649 948 1701 ipsius,
979 1646 1184 1685 canonicis
1212 1644 1505 1684 Arusiensibus
1533 1644 1699 1696 legavit,
1737 1642 1786 1682 ab
1816 1644 2063 1695 impetitione
2093 1657 2166 1682 sua
2194 1644 2317 1683 libera
2345 1646 2539 1698 resignat,

325 1727 440 1777 atque
484 1735 576 1761 sese
617 1720 668 1759 ad
703 1719 841 1758 eadem
877 1718 1080 1756 canonicis
1131 1715 1374 1769 supradictis
1417 1714 1706 1768 approprianda
1745 1713 1905 1765 obligat.
1950 1735 1999 1741 —
2043 1713 2252 1753 Dominica
2293 1727 2406 1767 prox.
2446 1719 2541 1769 post

324 1793 425 1832 diem
454 1792 492 1832 b.
521 1791 674 1831 Nicolai
706 1789 898 1843 episcopi.

711 1859 899 1899 Langcbek
925 1856 1065 1899 Scriptt.
1089 1856 1153 1888 VI.
1180 1855 1352 1888 478—79.

89 1933 143 1965 23.
170 1932 289 1966 Decbr.
515 1938 518 1939 ⁷
582 1922 738 1972 [2084]
796 1919 947 1960 Jacom
979 1918 1160 1971 episcopi
1198 1917 1394 1969 Ripensis
1424 1917 1564 1964 literae,
1608 1915 1754 1968 quibus
1791 1916 1976 1954 cantoriae
2015 1915 2195 1955 ecclesiae
2223 1916 2420 1969 Ripensis
2448 1931 2541 1971 prae·

323 1994 542 2046 posituram
580 1990 883 2042 Almind-Sysill
921 1993 960 2028 et
998 1988 1208 2028 ecclesiam
1246 1987 1512 2040 Smithstorp,
1555 2000 1626 2039 per
1663 1989 1827 2024 mortem
1855 1984 2051 2024 Johannis
2081 1986 2312 2039 Skanningh
2340 1990 2542 2041 praepositi

324 2067 547 2110 vacantem,
590 2066 781 2115 perpetuo
819 2060 990 2099 annectit
1028 2062 1067 2097 et
1102 2059 1207 2105 unit,
1251 2057 1299 2096 ab
1340 2056 1523 2096 omnibus
1560 2056 1752 2110 episcopo
1791 2055 1938 2096 debitis
1974 2055 2137 2095 liberam
2167 2060 2208 2096 et
2236 2058 2460 2099 immunem.
2491 2081 2538 2089 —-

325 2133 548 2186 Balqltum,
578 2133 616 2171 in
644 2132 776 2184 vigilia
806 2130 947 2181 vigiliae
978 2128 1195 2168 nativitatis
1225 2127 1387 2166 domini.

717 2202 889 2244 Terpager
913 2198 1008 2243 Ripae
1033 2197 1162 2231 Cimbr.
1187 2208 1220 2241 p.
1249 2196 1419 2230 155—56.

139 2340 255 2381 1331.
1355 2326 1502 2377 1331.

106 2423 161 2456 2¹·
195 2423 289 2457 Juffi·
587 2428 742 2477 [2085]
800 2428 1019 2467 JOHANNIS
1060 2423 1244 2475 (xxlldi)
1282 2438 1394 2477 papae
1433 2424 1483 2463 ad
1512 2425 1746 2477 episcopum
1777 2424 2013 2463 Scarensem
2041 2424 2184 2470 literae,
2229 2423 2376 2478 quibus
2406 2439 2542 2466 conce·

328 2498 456 2552 ditur,
480 2502 525 2536 ut
552 2501 652 2537 terra
682 2498 899 2537 Hallandiae
930 2496 1193 2550 aquilonaris,
1224 2499 1317 2533 tunc
1347 2495 1539 2546 temporis
1567 2494 1772 2547 Norvegiae
1803 2499 1842 2534 et
1871 2495 2022 2533 Sveciae
2059 2496 2141 2546 regi
2170 2494 2316 2546 Magno
2348 2496 2543 2550 subjecta,

329 2582 403 2607 non
435 2567 603 2606 obnoxia
632 2569 685 2607 sit
714 2568 942 2614 interdicto,
979 2568 1044 2606 cui
1072 2579 1235 2618 regnum
1264 2565 1399 2604 Daciae
1438 2563 1664 2617 subjectum
1700 2569 1804 2613 erat,
1846 2568 2054 2617 propterea
2092 2563 2198 2617 quod
2229 2564 2542 2619 Christophorus

330 2652 396 2676 rex
435 2637 678 2676 Guichonem
722 2637 995 2687 (Tuchonem)
1040 2637 1273 2689 episcopum
1302 2634 1616 2686 Burglavensem
1659 2636 1806 2674 carceri
1849 2636 2049 2688 injecerat.
2094 2655 2143 2661 —
2188 2634 2403 2685 sz’nz’on„
2447 2634 2541 2674 ΧΠ.

333 2706 480 2745 calend.
512 2707 698 2758 Augusti,
726 2707 865 2759 pontif.
895 2720 996 2746 anno
1025 2706 1116 2745 XV.

719 2776 885 2818 Raynaldi
911 2776 1045 2809 Contin.
1071 2778 1196 2808 Baron.
1223 2775 1265 2808 ad
1290 2784 1367 2806 ann.
1396 2773 1494 2807 1331.
1518 2775 1599 2808 XL.
1624 2776 1719 2807 Tom.
1742 2775 1789 2807 V.
1814 2785 1845 2818 p.
1870 2772 2042 2807 521-22.
2088 2773 2305 2816 Lagerbring·
2328 2776 2415 2808 Svea
2434 2774 2543 2808 Rikes

722 2837 812 2869 Hist.
837 2838 898 2870 111.
923 2837 1096 2870 260-61.

96 2902 147 2934 lo.
174 2901 307 2935 Octobr.
589 2896 744 2945 [2086]
803 2897 1063 2937 lxcetnuncls
1108 2897 1280 2936 ducissae
1315 2896 1534 2936 Hallandiae
1571 2900 1611 2936 et
1645 2896 1787 2936 Samso
1824 2896 1966 2942 literae,
2010 2895 2157 2948 quibus
2195 2896 2351 2936 fratrem
2381 2896 2541 2937 Petrum

264 2975 268 2985 ¹
337 2966 516 3006 abbatem
545 2970 584 3004 et
613 2969 842 3004 conventum
871 2967 1154 3006 Esromensem
1193 2967 1243 3005 ad
1281 2967 1491 3005 ecclesiam
1521 2965 1827 3018 Esbernaethorp
1865 2951 2054 3004 canonice
2092 2966 2342 3006 obtinendam
2371 2967 2541 3007 Johanni

339 3035 527 3087 episcopo
558 3033 813 3072 Roskildensi
843 3041 1072 3086 praesentat‚
1111 3040 1150 3074 et
1178 3050 1292 3075 omne
1317 3038 1410 3089 jus,
1455 3037 1533 3088 ipsi
1563 3037 1713 3075 ratione
1741 3038 1973 3089 patronatus
2004 3036 2039 3073 in
2071 3035 2207 3075 eadem
2238 3036 2408 3077 ecclesia
2437 3051 2542 3076 com-

340 3107 499 3156 petens,
539 3103 776 3142 monasterio
804 3102 1037 3145 Esroxnensi
1068 3105 1266 3145 transfert.
1308 3127 1363 3134 —
1404 3105 1455 3145 In
1484 3114 1623 3146 castro
1655 3105 1867 3158 Sioburq„
1911 3106 2082 3144 crastino
2120 3105 2325 3146 beatorum
2354 3106 2540 3159 Dyonisii

341 3175 379 3212 et
407 3173 496 3224 ejus
525 3172 733 3210 sociorum.

728 3241 867 3274 Kierulf
897 3243 1020 3276 Esrom
1052 3245 1214 3278 Klosters
1249 3245 1341 3279 nist.
1372 3257 1404 3288 p.
1440 3244 1589 3286 59—60,
1614 3244 1669 3277 ubi
1703 3247 1812 3277 tamen
1845 3253 1905 3287 pro
1930 3254 2019 3278 Amo
2043 3257 2208 3279 mcccxxx.
2235 3246 2304 3289 legi
2330 3247 2425 3280 debet
2449 3256 2538 3280 mmo

730 3312 889 3336 nxcccxxx.
914 3303 1032 3347 primo.
1081 3307 1164 3340 Cod.
1192 3308 1327 3340 Esrom.
1354 3307 1414 3339 fol.
1441 3304 1617 3339 cxhlub.
