2649 3686
303 108 402 159 396
1040 102 1194 151 Koxe
1227 99 1357 147 Emi<
1391 115 1454 147 AF
1488 98 1759 145 POMMERN.

119 281 234 320 1424.
563 278 717 327 [3426]
775 275 1088 315 Paocoxsunun
1128 282 1179 308 m·
1216 281 1438 307 cowsmuu
1479 278 1622 305 operm
1661 265 1846 305 XVmsnx
1885 267 2112 305 testimonia
2142 266 2190 305 de
2226 265 2371 305 ducatu
2400 266 2508 305 Sles-

98 352 126 384 1.
152 351 257 384 Junii.
306 349 453 387 vicensi
488 361 510 387 a
549 348 646 386 duce
683 344 856 386 Gerardo
893 343 1056 394 ejusque
1093 338 1182 377 filiis
1219 338 1380 389 pacifice
1425 340 1463 375 et
1505 337 1637 387 quiete
1674 348 1886 387 possesso.
1928 357 1981 364 -
2033 335 2200 376 Winsen
2243 338 2284 375 in
2325 337 2511 376 dioecese·

316 419 534 458 Verdensi.
566 417 626 455 «lie
655 413 901 454 ascensionis
930 408 1089 446 domini.

693 480 876 522 Langcbek
901 477 1040 520 Scriptt.
1064 476 1143 509 Vll.
1167 476 1341 508 372—73.

566 545 721 595 [3427]
777 542 1126 581 Bononusss‘rnnn
1170 550 1223 576 oo
1261 537 1520 575 Rumam-1)
1561 548 1575 573 1
1614 535 1787 575 Suum
1822 536 1967 575 Vnsm
2007 537 2122 576 deres
2156 535 2431 588 Vidncshyrd,
2475 541 2515 576 at

105 560 127 589 ι.
153 560 258 590 '¹“¹¹¹¹·
310 618 357 657 dc
385 615 612 656 holstenske
642 614 786 652 Grever
814 607 976 653 Hinrik,
1018 606 1101 645 Alff
1127 620 1176 658 og
1207 605 1339 645 Gherd
1370 609 1474 643 samt
1503 605 1616 644 deres
1645 605 1773 644 Fader
1802 619 1852 658 og
1879 605 2077 645 Forfaedre
2105 607 2205 646 have
2233 610 2350 645 vaeret
2379 607 2390 644 i
2417 606 2514 658 rolig

309 687 538 727 Besiddelse
577 684 620 722 as
643 679 963 731 Hertugdtimmet
991 677 1150 727 Slesvig
1181 675 1290 714 indtil
1327 675 1444 726 Kong
1481 674 1576 714 Erik
1607 674 1819 727 bekrigede
1856 675 1959 714 dem.
2006 698 2056 703 —
2109 677 2254 725 νίκη,
2298 676 2514 728 Stindagen

311 758 368 796 l'tir
397 756 550 795 Pindse.
2250 746 2510 798 (Plattydsk).

696 817 877 858 Langcbek
902 815 1040 858 Scriptt.
1070 814 1149 846 VII.
1174 815 1253 846 381.

564 881 717 931 [3428]
774 878 964 928 Exceptio
1007 876 1134 914 Emer
1177 875 1403 923 Kanum«,
1447 877 1713 928 procuratoris
1741 875 1846 916 Erici
1875 877 1983 929 regis
2024 876 2177 924 Daciae,
2222 890 2351 916 coram
2392 876 2516 928 Sigis-

310 955 452 995 mundo
495 955 758 992 Romanorum
802 960 891 998 rege
933 945 1125 998 producta
1168 948 1299 984 contra
1335 945 1541 993 articulos,
1586 947 1804 999 scripturas
1842 951 1881 986 et
1922 950 2116 985 certorum
2153 948 2310 986 tesfium
2339 947 2443 985 dicta
2479 950 2518 984 et

311 1026 443 1064 literas
472 1037 539 1075 pro
569 1024 677 1073 parte
707 1017 875 1059 Hinrici,
906 1015 1081 1067 Adolphi
1112 1019 1149 1053 et
1179 1014 1362 1062 Gerarffl,
1394 1017 1580 1054 comitum
1611 1016 1815 1055 Holsatiae.
1847 1040 1896 1045 —
1928 1017 2023 1055 Sine
2051 1015 2128 1054 die.

698 1086 880 1127 hangobck
906 1085 1044 1128 Scriptt.
1070 1085 1148 1118 VII.
1175 1084 1345 1117 386—87.

87 1162 141 1192 225.
168 1158 273 1191 ‚Junii.
566 1149 719 1199 [3429]
777 1148 982 1186 Sententia
1012 1145 1207 1185 arbitralis
1237 1147 1500 1186 Smlsuuxnl
1532 1147 1638 1197 regis
1667 1147 1955 1193 Romanorum,
1986 1161 2062 1200 qua
2091 1148 2336 1200 pronunciat,
2368 1151 2518 1187 “totam

308 1225 452 1265 Jutiam
481 1220 709 1266 australem,
742 1219 778 1256 in
810 1230 885 1270 qua
916 1218 1060 1255 situata
1092 1220 1184 1255 sunt
1215 1216 1411 1256 Sleswick
1440 1220 1479 1254 et
1509 1215 1697 1269 Gottorp,
1736 1221 1776 1255 et
1804 1217 1879 1255 alia
1911 1217 1996 1256 loca
2025 1217 2075 1255 ad
2105 1219 2231 1270 ipsam
2259 1217 2403 1256 Jutiam
2433 1231 2518 1270 per-

309 1294 482 1337 tinentia,
512 1304 588 1329 una
618 1302 706 1328 cum
737 1288 856 1339 Sylva
886 1287 1037 1325 Danica
1068 1290 1106 1325 et
1135 1286 1262 1325 insula
1290 1286 1435 1332 Alsen,
1465 1290 1504 1325 et
1531 1287 1732 1338 provincia
1762 1287 1896 1326 Frisiae
1929 1287 2137 1336 vulgariter
2161 1286 2341 1326 Heerden
2373 1301 2517 1326 nuncu-

306 1368 425 1417 patae,
455 1375 540 1400 cum
571 1358 751 1398 omnibus
776 1355 934 1410 juribus
965 1362 1004 1395 et
1032 1357 1296 1409 pertinentiis,
1335 1356 1571 1408 pertinuisse
1600 1360 1639 1395 et
1666 1359 1862 1409 pertinere
1890 1356 2031 1396 debere
2054 1358 2143 1409 jure
2173 1357 2308 1396 directi
2338 1362 2375 1395 et
2404 1358 2516 1396 utilis

309 1432 464 1472 dominii
493 1430 542 1469 ad
569 1442 700 1480 regem
730 1431 769 1466 et
797 1440 956 1478 regnum
987 1427 1160 1472 Daniae’z
1191 1431 1229 1464 et
1259 1425 1426 1465 (lucibus
1456 1426 1647 1466 Holsatiae
1677 1441 1799 1480 super
1830 1427 1896 1466 his
1927 1428 2042 1466 terris
2079 1427 2222 1466 nullum
2256 1429 2327 1480 jus
2367 1427 2518 1466 l'euilale

307 1501 560 1555 competiisse
588 1497 648 1536 vel
677 1501 908 1549 competere.
941 1518 989 1524 —-
1021 1497 1167 1543 Badra,
1199 1497 1262 1535 28.
1295 1496 1412 1534 Junii.

695 1567 863 1600 Hvitl'cldt
895 1569 1014 1598 Danm.
1050 1567 1155 1607 Riges
1181 1568 1286 1599 Kron.
1314 1566 1365 1598 ed.
1397 1565 1430 1598 in
1456 1566 1511 1598 4ῑο
1537 1567 1574 1598 Τ.
1600 1567 1662 1599 lv.
1688 1578 1720 1610 p.
1745 1567 1824 1599 340.
1851 1567 1902 1599 ed.
1927 1566 1960 1599 in
1987 1568 2047 1600 fol.
2072 1579 2104 1610 p.
2129 1567 2323 1600 697—704.
2381 1567 2515 1610 Cypra-i

697 1629 834 1661 Annali.
860 1628 963 1670 episc.
989 1627 1098 1660 siesv.
1125 1638 1157 1670 p.
1188 1627 1359 1660 364—65.
1419 1628 1562 1660 Pontan.
1598 1629 1679 1660 Ber.
1712 1628 1873 1661 Danicar.
1906 1629 1997 1662 nist.
2030 1629 2126 1662 Libr.
2160 1630 2222 1662 lx,
2258 1641 2289 1673 p.
2322 1629 2519 1662 571-577.

695 1690 883 1732 Langebek
908 1689 1048 1732 Scriptt.
1073 1689 1153 1721 VH.
1177 1688 1349 1721 396—99.

88 1766 141 1795 28.
168 1762 271 1795 Junii.
565 1752 720 1802 [3430]
780 1752 1061 1791 Testimonium
1091 1750 1139 1788 de
1168 1751 1453 1803 protestatione
1481 1750 1664 1790 Nsconm
1702 1752 1889 1791 SAcHow
1927 1755 2060 1791 contra
2097 1752 2247 1790 finalem
2285 1754 2518 1791 sententiam

308 1824 547 1879 Sigismundi
576 1824 843 1863 Romanorum
871 1823 976 1874 regis
1013 1821 1050 1859 in
1087 1833 1208 1859 causa
1244 1821 1341 1860 inter
1374 1820 1530 1860 Ericum
1567 1821 1699 1862 Daciae
1734 1836 1866 1874 regem
1903 1826 1943 1861 et
1980 1822 2102 1861 duces
2139 1822 2427 1862 Slesvicenses.
2469 1845 2518 1849 —

306 1897 454 1944 Budce,
485 1894 522 1933 d.
552 1892 739 1933 XXVIII.
769 1892 887 1931 Junii.

698 1962 879 2003 Langebek
906 1959 1044 2002 Scriptt.
1073 1960 1149 1992 VII.
1176 1959 1347 1992 446—47.

96 2036 129 2067 3.
164 2033 258 2066 sulii.
566 2023 720 2073 [3431]
778 2023 1026 2068 Hminem,
1071 2020 1149 2059 dux
1187 2021 1476 2069 slesvicensis,
1517 2022 1753 2063 Nicholaum
1799 2024 1992 2072 Sachow,
2025 2023 2296 2077 'praepositum
2341 2025 2520 2064 ecclesiae

309 2094 594 2141 Slesvicensis,
637 2094 837 2133 Luderum
871 2093 1064 2144 Rottorp,
1108 2095 1397 2144 procuratorem
1436 2093 1472 2130 in
1506 2094 1613 2131 curia
1643 2093 1846 2142 Romana,
1883 2099 1923 2133 et
1950 2095 2050 2133 alios
2078 2109 2150 2133 sex
2179 2099 2454 2147 procuratores
2484 2095 2521 2132 in

308 2164 443 2203 eadem
473 2165 577 2203 curia
605 2167 880 2216 procuratores
910 2176 1008 2201 suos
1039 2161 1242 2200 constituit
1279 2161 1327 2199 ad
1365 2162 1678 2214 prosequendam
1708 2165 1923 2204 nullitatem
1962 2169 2165 2218 praetensae
2204 2163 2400 2203 arbitralis
2436 2178 2523 2203 sen-

310 2235 437 2273 tentiae
479 2248 546 2287 per
589 2232 904 2286 Sigismundum,
948 2233 1215 2277 Romanorum
1262 2245 1413 2281 regem,
1458 2231 1543 2271 latae
1587 2233 1622 2271 in
1668 2248 1787 2273 causa
1832 2236 1931 2274 inter
1973 2234 2174 2274 dominum
2218 2235 2523 2274 constituentem

310 2306 475 2356 ejusque
503 2304 642 2342 fratres
671 2317 719 2342 ex
756 2316 830 2341 una
861 2306 970 2354 parte
1007 2305 1046 2340 et
1075 2301 1231 2339 Ericum
1271 2315 1400 2352 regem
1431 2302 1563 2341 Daciae
1593 2317 1639 2342 ex
1670 2304 1789 2343 altera
1819 2304 1867 2343 (le
1896 2305 2041 2344 ducatu
2071 2293 2316 2344 Stes-vicensi
2347 2310 2385 2342 et
2415 2308 2521 2342 terrae

310 2374 421 2413 Jutioe
449 2373 655 2420 australis,
687 2377 762 2412 etc.
794 2394 844 2400 -
878 2372 1024 2419 Bada»,
1055 2370 1118 2409 die
1149 2370 1215 2408 Ill.
1247 2372 1398 2410 mensis
1425 2372 1533 2411 Julii,

699 2442 881 2484 Langebek
907 2441 1037 2482 Scriptt
1075 2441 1154 2473 Vll.
1179 2440 1353 2474 428-29.

95 2519 148 2549 23.
175 2515 269 2548 sulii.
566 2503 722 2553 [3432]
781 2503 1075 2542 Testamentum
1104 2501 1322 2540 ΝιεΗοιΑι
1354 2501 1622 2542 Launmrn.
1653 2527 1706 2532 —
1735 2504 1917 2544 Crastino
1948 2504 2072 2545 beatae
2101 2505 2235 2544 Mariae
2263 2505 2519 2558 Magdalenze.

703 2575 875 2616 Terpageu·
899 2572 993 2615 Ripae
1017 2571 1145 2605 Cimbr.
1171 2583 1203 2614 p.
1228 2571 1285 2604 59.

90 2650 119 2677 τ,
145 2646 277 2688 septbr.
565 2634 719 2683 [3433]
776 2634 1034 2673 Evssmmunr
1077 2633 1299 2686 presbyteri
1342 2634 1481 2681 literae,
1535 2633 1679 2687 quibus
1722 2633 1953 2675 breviarium
1996 2640 2035 2674 et
2075 2635 2156 2674 XX
2195 2637 2332 2675 uncias
2375 2639 2521 2688 argenti

314 2705 397 2753 (“i‹1
419 2708 481 2744 est
509 2704 588 2742 XX
615 2704 679 2743 lod
709 2703 844 2751 sitim,
874 2717 943 2756 pro
974 2705 1239 2742 anniversario
1270 2717 1348 2742 suo
1374 2708 1414 2742 et
1442 2709 1645 2756 parentum
1675 2719 1834 2744 suorum
1866 2705 1926 2744 bis
1958 2707 1992 2743 in
2023 2720 2123 2744 anno
2153 2706 2334 2753 tenendo,
2365 2708 2523 2746 vicariis

316 2774 420 2812 chori
448 2774 638 2826 Ripensis
668 2774 786 2812 donat
814 2778 852 2812 et
882 2778 1023 2812 scotat.
1059 2796 1105 2801 —-
1141 2772 1320 2812 profesto
1352 2774 1567 2813 nativitatis
1596 2774 1719 2814 beatae
1748 2775 1880 2814 Mariae
1911 2777 2089 2827 virginis.

707 2844 880 2886 Terpager
904 2842 999 2886 Ripae
1025 2843 1153 2875 Cimbr.
1177 2854 1209 2886 p.
1240 2843 1314 2876 161.

89 2915 136 2945 ιτ.
164 2913 296 2954 Septbr.
577 2902 733 2952 [3434]
790 2904 1020 2944 Anorpuus
1050 2909 1088 2943 et
1117 2903 1405 2952 (hamanus,
1450 2904 1573 2944 duces
1604 2905 1883 2946 Slesvicenses
1919 2919 1965 2945 ac
2003 2907 2173 2945 comites
2207 2905 2395 2946 Holsatiae
2433 2913 2521 2956 etc„

318 2971 573 3009 Hermannum
602 2972 788 3024 Dwergh‚
817 2973 929 3012 sedis
958 2974 1186 3027 apostolicae
1216 2974 1575 3027 prothonotarium‚
1620 2977 1833 3028 magistros
1861 2975 2067 3015 Nicolaum
2105 2974 2297 3024 Sachow,
2342 2978 2520 3018 ecclesiae

317 3040 573 3078 Slcsviccnsis
601 3043 870 3094 praepositum,
908 3047 946 3082 et
982 3057 1050 3082 sex
1087 3048 1360 3095 procuratores
1401 3045 1437 3082 in
1468 3045 1576 3083 curia
1605 3044 1784 3084 Romana
1821 3046 2066 3084 constituunt
2103 3048 2141 3083 et
2177 3046 2388 3086 solenniter
2422 3062 2521 3087 suos

317 3113 589 3162 procuratores
623 3114 661 3148 et
695 3113 858 3151 nuncios
892 3112 1094 3165 generales
1128 3117 1167 3152 et
1194 3113 1392 3166 speciales
1422 3114 1602 3153 ordinant
1637 3115 1675 3153 in
1706 3115 1864 3161 causis,
1909 3127 1994 3166 quoe
2031 3119 2234 3154 versantur
2272 3118 2369 3156 inter
2405 3119 2520 3171 ipsos

318 3183 356 3217 et
383 3177 559 3224 Ericum,
589 3192 715 3230 regem
747 3180 896 3229 Daciae,
927 3195 1045 3235 super
1075 3182 1217 3221 ducatu
1249 3182 1489 3222 slesvicensi
1520 3189 1557 3221 et
1587 3182 1825 3235 quibusdam
1856 3183 1945 3222 aliis
1975 3184 2111 3232 terris,
2141 3185 2189 3223 ad
2220 3188 2521 3240 comparendum
2587 3192 2590 3195 ’
