2649 3686
372 122 507 171 XIV
1225 125 1552 171 Praefatio.

323 282 446 328 quam
470 271 517 310 ut
544 265 730 323 materia,
762 270 958 326 quantum
979 261 1067 306 fieri
1096 266 1253 320 posset,
1282 259 1401 319 plena
1428 265 1470 304 et
1496 264 1687 303 accurata
1714 257 1994 318 colligeretur.
2048 258 2115 303 Ab
2135 274 2173 303 a.
2199 257 2322 305 1833
2342 259 2402 304 uti
2421 258 2534 306 licuit

315 354 353 399 iu
403 370 448 399 re
496 353 654 413 agenda
701 359 742 398 et
791 349 1079 413 persequenda
1124 348 1268 392 studiis
1316 346 1614 392 et‘laboribus
1657 347 1833 391 hominis
1869 346 2106 407 peritissimi
2140 353 2184 391 et
2217 347 2535 409 diligentissimi,

317 441 401 490 Jo.
438 440 719 502 Κηηῑίςθη7
769 441 837 501 qui
874 455 909 483 a.
952 436 1073 483 1835
1111 437 1151 481 in
1186 437 1390 481 tabulario
1424 436 1542 495 regio
1578 443 1741 481 secreto
1778 436 1937 495 scriba,
1975 451 2012 480 a.
2055 433 2179 481 1845
2214 436 2397 482 indicum
2431 453 2537 483 con-
2581 463 2584 466 ·

316 534 449 579 sector
500 532 629 575 sactus
669 537 757 589 est,
812 542 935 589 quem
970 525 1284 584 registratorem
1319 532 1488 584 vocant,
1543 531 1690 585 postea
1725 525 1847 570 simul
1881 525 2058 570 hominis
2095 541 2178 570 non
2214 526 2349 571 minus
2384 526 2537 588 idonei,
2589 543 2591 546 ·

315 619 421 667 Jon
458 617 814 679 ›Szy11;·cl‚s.3()n,
869 614 1124 675 stipendiarii
1159 614 1537 674 Arnaemagnaeani.
1623 615 1676 659 A.
1719 613 1843 661 1837
1877 614 2044 674 tribus,
2097 615 2166 676 qui
2209 614 2260 660 ad
2296 615 2339 660 id
2371 622 2536 676 tempus

313 712 371 756 rei
425 705 754 755 administrandae
812 718 951 747 euram
1005 703 1270 762 habuerant,
1337 702 1549 749 sodalibus
1603 702 1773 749 decreto
1827 703 2036 749 societatis
2089 702 2239 763 adjecti
2290 710 2387 749 sunt
2431 704 2536 764 duo,

312 798 375 845 F.
412 796 738 857 Maynus.·;en
775 800 816 838 et
849 789 1126 852 M'olbecle3
1180 793 1354 838 accessit
1389 794 1495 838 circa
1530 794 1641 838 idem
1675 801 1867 855 tempus,
1904 793 2055 839 ceteris
2093 794 2358 854 optantibus,
2395 801 2537 840 sextus

311 885 569 946 BIadztzy3
635 883 707 928 scd
758 898 795 926 a.
856 879 980 928 1840
1033 881 1093 925 vir
1144 882 1443 928 illustrissimus
1500 880 1776 946 ΠΤθνΙαηῇῑι
1821 890 1993 945 propter
2044 883 2219 928 aliorum
2269 883 2534 943 negotiorum

312 975 616 1022 multitudinem
655 972 704 1017 ab
742 971 863 1031 hujus
901 986 1010 1015 curae
1048 971 1248 1015 societate
1285 987 1378 1017 sese
1413 973 1580 1018 liberari
1616 973 1744 1033 cupiit
1781 972 2056 1034 removitque.
2126 974 2221 1017 Jam
2257 979 2352 1017 ante
2389 973 2536 1033 agitari

309 1067 414 1110 iuter
463 1063 624 1108 sodales
676 1060 769 1104 huic
821 1059 881 1103 rei
929 1060 1175 1120 praepositos
1225 1068 1421 1122 coeptum
1464 1069 1583 1122 erat,
1639 1062 1789 1124 ecquid
1834 1062 1956 1106 simul
1998 1062 2220 1122 praeparari
2267 1061 2534 1127 adjuvarique

310 1154 478 1198 alterius
522 1150 658 1211 operis
701 1148 882 1193 historiae
924 1156 1078 1194 nostrae
1116 1152 1442 1212 pernecessarii,
1498 1151 1771 1212 diplomatarii
1809 1152 1981 1210 Danici,
2035 1138 2163 1197 editio
2197 1159 2365 1214 posset,
2421 1155 2535 1216 quod

303 1244 388 1302 jam
426 1239 657 1286 Grammius
704 1245 746 1283 et
778 1238 1073 1298 Langebekius
1119 1240 1368 1302 scriptorum
1414 1258 1558 1286 rerum
1593 1243 1847 1287 Danicarum
1892 1240 2061 1286 editioni
2096 1240 2266 1302 adjungi
2299 1242 2532 1290 voluerant.

252 1368 255 1369 γ
309 1333 450 1386 Quum
493 1336 630 1374 tamen
676 1328 791 1372 facile
834 1328 1089 1373 intellectum
1139 1338 1274 1391 esset,
1328 1338 1371 1376 et
1416 1338 1591 1393 propter
1633 1338 1875 1393 sumptuum
1918 1330 2249 1391 magnitudinem
2286 1339 2328 1377 et
2363 1340 2536 1394 propter

308 1421 404 1464 alias
463 1433 606 1463 causas
662 1418 752 1463 fieri
804 1418 868 1462 vix
921 1434 1078 1479 posse,
1147 1427 1194 1465 ut
1245 1421 1286 1465 in
1338 1428 1521 1483 utroque
1575 1437 1704 1483 opere
1758 1420 2017 1466 conficiendo
2071 1427 2114 1465 et
2166 1421 2329 1467 edendo
2382 1422 2534 1468 eodem

306 1516 492 1569 tempore
529 1507 851 1568 elaboraretur,
905 1525 928 1553 a
964 1510 1163 1555 societate
1201 1511 1363 1556 sodales
1401 1511 1453 1555 ad
1488 1511 1594 1556 hanc
1629 1526 1718 1557 rem
1756 1510 1904 1556 delecti
1943 1508 2015 1573 (d.
2055 1509 2129 1555 2d⁰
2159 1511 2257 1556 Julii
2293 1527 2337 1586 ²¹1
2373 1510 2531 1574 1837)

300 1597 406 1656 jussi
449 1604 576 1657 sunt,
628 1597 848 1659 utriusque
901 1599 1037 1660 operis
1090 1601 1303 1645 consilium
1358 1601 1502 1645 animis
1555 1601 1739 1646 retinere
1792 1601 2150 1663 diplomatariique
2202 1617 2338 1664 usque
2392 1604 2444 1649 ad
2495 1622 2532 1651 a.

310 1684 432 1732 1400
475 1686 713 1731 instituendi
756 1687 931 1733 sormam
975 1688 1245 1749 describere,
1300 1697 1488 1735 ceterum
1530 1691 1719 1751 proximo
1764 1700 1956 1754 tempore
1999 1699 2096 1737 ante
2139 1693 2278 1738 omnia
2314 1710 2385 1755 ea,
2440 1711 2534 1757 quae

306 1775 358 1820 ad
408 1781 574 1835 regesta
623 1776 876 1822 absolvenda
928 1778 1176 1840 edendaque
1218 1782 1508 1842 pertinerent,
1563 1789 1804 1842 maturare,
1857 1783 1922 1827 cui
1968 1782 2083 1844 operi
2126 1782 2306 1828 societas
2345 1789 2388 1829 et
2436 1791 2534 1830 ante

304 1863 345 1908 id
386 1871 549 1926 tempus
594 1872 636 1910 et
683 1873 829 1926 postea
884 1883 934 1912 ex
985 1868 1223 1929 reditibus,
1286 1871 1319 1915 si
1372 1887 1466 1917 cum
1517 1872 1781 1917 multitudine
1835 1888 1980 1917 rerum
2030 1871 2360 1931 adjuvandarum
2410 1889 2534 1919 com-

306 1961 525 2014 parantur,
577 1971 659 1999 non
697 1955 1090 2017 abundantissimis,
1144 1968 1334 2022 sumptus
1379 1961 1669 2007 liberalissime
1715 1962 2006 2024 suppeditavit.
2092 1964 2237 2025 Itaque
2282 1963 2377 2008 hinc
2420 1963 2535 2009 licuit

306 2043 488 2087 virorum
541 2043 791 2106 doctorum,
853 2048 904 2093 de
957 2065 1136 2110 quorum
1188 2067 1314 2112 opera
1366 2052 1406 2096 in
1459 2053 1536 2098 hac
1585 2069 1631 2098 re
1683 2053 1817 2115 posita
1869 2067 1994 2113 supra
2043 2051 2253 2112 diximus,
2319 2052 2533 2100 laboribus

308 2132 509 2177 honorem
559 2133 746 2195 habere,
812 2153 863 2181 ex
913 2137 1063 2199 quibus
1116 2141 1323 2202 praecipue
1368 2139 1452 2188 Jo.
1497 2140 1785 2203 Knudsen,
1847 2141 2012 2186 duobus
2058 2157 2109 2186 ex
2155 2141 2366 2188 sodalibus
2410 2160 2536 2206 supra

308 2224 642 2269 commemoratis
685 2225 724 2269 iu
765 2234 926 2286 partem
971 2229 1129 2273 consilii
1168 2237 1213 2276 ‚et
1256 2232 1316 2276 rei
1362 2232 1699 2278 administrandae
1745 2231 2031 2291 venientibus,
2085 2232 2232 2293 prioris
2268 2240 2531 2293 regestorum
2596 2261 2598 2265 ·

308 2311 523 2362 voluminis
561 2320 601 2357 et
636 2315 853 2360 materiam
891 2317 1093 2362 ordinavit
1128 2322 1445 2384 composuitque
1484 2329 1539 2383 et,
1577 2339 1707 2385 quum
1743 2339 1780 2367 a.
1823 2319 1947 2368 1842
1983 2322 2089 2383 typis
2126 2322 2302 2367 exscribi
2338 2330 2533 2384 coeptum

309 2408 431 2460 esset,
470 2404 826 2463 typographorum
863 2421 1035 2466 operam
1070 2409 1242 2468 regendi
1272 2417 1313 2456 et
1339 2412 1528 2472 plagulas
1559 2412 1797 2473 corrigendi
1826 2427 1969 2456 curam
2001 2411 2146 2472 gessit.
2218 2413 2274 2458 Ut
2299 2414 2530 2474 negotium,

311 2506 439 2550 quum
466 2491 552 2550 jam
590 2492 641 2536 atl
675 2495 983 2556 typographum
1019 2503 1186 2543 ventum
1223 2507 1359 2559 esset,
1398 2501 1555 2547 tardius
1592 2509 1733 2547 tamen
1768 2500 2038 2562 procederet,
2077 2500 2274 2546 effectum
2312 2509 2376 2547 est
2410 2503 2530 2548 variis

313 2585 355 2622 et
396 2581 586 2639 gravibus
623 2582 916 2645 incommodis,
971 2602 1064 2647 quae
1101 2588 1174 2633 viri
1210 2589 1320 2634 docti
1356 2591 1462 2636 vires
1500 2591 1676 2636 subinde
1714 2589 1968 2652 aliquamdiu
2003 2589 2334 2636 debilitaverunt.
2413 2592 2532 2637 Prior

313 2673 449 2711 tamen
501 2670 621 2727 hujus
673 2673 888 2719 voluminis
942 2676 1161 2722 fasciculus
1211 2676 1296 2739 [ab
1340 2695 1376 2725 a.
1412 2680 1509 2727 822
1553 2680 1605 2725 ad
1641 2697 1678 2726 a.
1720 2677 1876 2741 1397)
1926 2695 1963 2724 a.
2005 2677 2128 2725 1843
2173 2680 2388 2739 evulgatus
2436 2687 2530 2740 est;

316 2760 445 2799 totum
481 2758 669 2803 volumen
707 2778 815 2807 nunc
851 2763 1091 2826 absolvitur,
1130 2766 1355 2813 deductum
1393 2769 1446 2814 ad
1483 2785 1580 2815 eum
1616 2786 1785 2830 annum,
1823 2784 1906 2831 quo
1942 2783 2057 2813 sacra
2084 2768 2124 2813 in
2153 2769 2284 2829 patria
2310 2778 2452 2815 nostra
2479 2769 2530 2815 ad

317 2843 486 2888 Luthcri
523 2847 693 2892 sormam
731 2852 949 2898 emendata
985 2863 1102 2916 sunt,
1139 2857 1180 2901 h.
1219 2873 1256 2902 e.
1300 2857 1439 2905 1536.

580 2936 784 2989 Quoniam
820 2943 1035 3000 probabile
1073 2952 1151 3006 est,
1188 2946 1391 2992 rationem
1427 2949 1466 2993 in
1503 2950 1582 2995 hoc
1616 2949 1825 2994 volumine
1861 2948 1900 2991 in
1938 2946 2167 3007 deligendis
2197 2948 2528 3010 recipiendisque

320 3018 462 3062 litteris
499 3021 679 3083 actisque
715 3026 915 3075 historicis
952 3032 1182 3080 institutam
1217 3036 1257 3080 in
1293 3037 1425 3082 altero
1462 3038 1687 3097 volumine,
1726 3038 1838 3100 quod
1872 3046 2035 3097 tempus
2072 3038 2123 3083 ab
2161 3054 2197 3083 a.
2241 3036 2366 3084 1537
2402 3037 2455 3082 ad
2488 3052 2527 3082 a.

325 3104 447 3154 loeo
483 3112 834 3176 comprehendet,
889 3128 1060 3182 propter
1105 3125 1288 3170 materiae
1333 3125 1611 3173 diversitatem
1649 3127 1973 3188 affluentemque
2009 3126 2166 3187 copiam
2204 3143 2285 3173 una
2321 3134 2363 3173 et
2397 3128 2525 3172 altera
