2649 3686
891 154 1047 205 Koxo
1081 155 1211 205 Emi(
1245 156 1481 205 vasn.
2191 163 2288 215 193

341 320 498 371 [1579]
556 322 699 363 Literae
729 325 918 366 Alvum-m
950 329 1193 377 sacerdotis,
1222 342 1401 382 personae
1432 329 1610 368 eeclesiae
1641 328 1872 377 Gasoemaer,
1918 330 2061 383 quibus
2097 332 2286 381 declarat,
2358 335 2473 375 1302.

81 406 126 433 se
155 392 305 431 curiam
335 405 448 431 suam
480 394 517 432 in
548 394 656 433 Arus
684 408 831 435 mensae
861 399 1136 439 canonicorum
1166 400 1444 439 Arusicnsium
1475 403 1671 439 scotasse.
1715 422 1768 428 —
1810 403 1940 449 Arus,
1984 401 2151 440 sabbato
2181 417 2288 454 prox.
2337 404 2369 436 5·
2404 406 2497 443 Maii.

80 465 173 516 post
201 462 466 502 inventionem
492 476 525 502 5.
556 465 697 503 crucis.

472 533 659 575 Langebck
684 534 823 578 Scriptt.
847 537 910 570 vl.
936 538 1014 570 117.

341 603 497 654 [1580.]
554 605 747 646 Annum
791 609 1032 658 sacerdotis,
1083 625 1262 664 person-”c
1305 612 1484 652 ecclesia:
1529 612 1753 660 Gasemaer,
1803 613 1852 653 ad
1895 615 2005 654 civos
2048 617 2291 654 Arusienses
2348 630 2380 662 5,
2406 630 2500 670 MaJi.

81 675 220 721 literae,
260 674 404 728 quibus
432 675 626 715 Ncholao
655 676 793 716 Bosiin
833 680 1019 732 injungit,
1063 686 1105 720 ut
1141 683 1286 721 curiam
1325 682 1518 735 quandam
1554 684 1591 722 in
1630 684 1757 730 Arus,
1795 685 1878 737 jam
1919 684 1968 723 ab
2005 686 2093 738 ipso
2132 685 2289 723 Andrca

81 746 284 798 canonicis
313 745 606 785 Arusiensibus
635 749 790 800 propria
822 763 938 788 manu
968 752 1004 789 in
1036 751 1146 790 altari
1178 752 1348 790 omnium
1377 756 1603 792 sanctorum
1634 758 1848 801 scotatam,
1878 754 1994 794 dictis
2021 756 2223 794 canonicis
2253 756 2290 793 in

81 815 226 869 placito
257 819 399 855 scotet.
429 838 482 844 —
510 816 641 863 Aras,
672 817 839 857 sabbato
870 833 978 871 prox.
1010 825 1103 873 post
1132 822 1397 861 inventionem
1427 824 1554 862 sancti
1584 825 1727 863 crucis.

472 886 659 928 Langebek
684 887 819 930 Scriptt.
847 890 906 922 Vl.
933 890 1010 922 417.

343 958 499 1008 [1581]
557 958 701 999 Literae
745 960 878 1000 Pn‘rm
931 962 1144 1010 Suom,
1193 965 1395 1017 praepositi
1440 965 1745 1014 Roskildensis,
1794 967 2056 1015 Bnmnnmm,
2105 968 2285 1008 advocati
2341 974 2374 1007 6.
2400 975 2494 1014 Maji.

81 1027 250 1076 ibidem,
285 1028 497 1069 Jonmvms
530 1022 643 1068 nien
673 1030 844 1078 FRANz,
873 1034 1080 1071 monetarii
1108 1034 1408 1081 Roskildensis,
1452 1022 1500 1075 de
1532 1039 1791 1077 conventione
1821 1038 2008 1091 quadam,
2047 1040 2146 1078 inter
2174 1038 2290 1077 Nico-

82 1098 186 1138 laum
221 1098 383 1148 (Klaus)
414 1098 665 1138 formatorem
695 1100 858 1139 laterum
888 1106 928 1141 et
957 1116 1115 1141 sorores
1145 1117 1179 1142 s.
1209 1103 1330 1143 Clarae
1359 1104 1568 1145 Roskildis
1599 1108 1746 1146 initam.
1791 1130 1839 1136 —
1884 1108 2118 1158 Roslcilclis,
2160 1109 2224 1148 die
2253 1109 2291 1148 b.

82 1168 279 1208 ,Iohannis
308 1173 398 1208 ante
427 1173 580 1222 portam
605 1168 800 1209 Latinam.

475 1239 580 1272 Suhm
607 1238 698 1272 nist.
724 1241 765 1272 as
786 1241 933 1273 Danmk.
958 1243 1020 1275 XI.
1045 1242 1216 1277 887—89.

342 1312 496 1361 [1582]
553 1312 697 1352 Literae
726 1312 854 1353 Emer
887 1315 1016 1366 regis,
1046 1316 1190 1368 quibus
1215 1316 1405 1365 declarat,
1434 1318 1644 1366 Mannum,
1674 1320 1932 1360 Arusiensem
1961 1322 2288 1370 archidiaconum,
2318 1332 2369 1365 10.
2395 1332 2526 1375 septbr.

84 1382 121 1420 in
150 1380 296 1434 placito
326 1384 606 1430 constitutum,
650 1397 796 1423 mensae
823 1386 1096 1424 canonicorum
1135 1400 1294 1427 suorum
1335 1392 1500 1442 quatuor
1536 1394 1721 1429 scotasse
1758 1391 1963 1439 tabernas,
2007 1393 2045 1431 in
2076 1392 2160 1432 soro
2190 1393 2290 1431 Aru-

84 1451 207 1491 siensi
237 1453 353 1492 sitas.
383 1475 432 1480 —
463 1453 626 1501 Arnsii,
657 1457 794 1506 quarto
826 1454 914 1493 idus
944 1456 1205 1508 Septembris.

477 1524 666 1564 Langebek
691 1524 829 1567 Scriptt.
854 1525 917 1557 vl.
943 1525 1021 1558 417.
1752 1561 1754 1563 .

341 1583 503 1633 [1583]
562 1585 744 1625 Brncsru
789 1586 987 1625 Sveonum
1032 1589 1137 1639 regis
1183 1587 1375 1641 diploma,
1426 1604 1503 1643 quo
1539 1590 1691 1631 Jacobo
1735 1593 1869 1631 comiti
1898 1592 2133 1642 Hallandiae,
2173 1595 2290 1634 Petro
2323 1603 2356 1634 7.
2382 1601 2517 1634 Octobr.

84 1653 301 1702 Jacobson,
332 1654 540 1695 domicello
569 1655 736 1695 Nicolao
767 1661 807 1695 et
834 1656 1004 1696 Johanni
1033 1657 1241 1705 Peterson,
1271 1673 1390 1710 regno
1418 1660 1555 1700 Daniae
1586 1662 1777 1714 expulsiS,
1806 1665 2064 1714 patrocinium
2087 1668 2293 1718 promittit,

86 1728 126 1763 et
154 1738 291 1779 opem,
320 1729 364 1764 ut
391 1739 463 1779 pro
494 1727 652 1779 injuriis
681 1730 721 1765 et
750 1726 904 1766 (lamnis
933 1727 1052 1766 illatis
1077 1729 1273 1779 justitiam
1303 1732 1492 1782 consequi
1523 1731 1689 1770 valeant.
1718 1754 1770 1760 —
1799 1731 1927 1771 Nonis
1957 1732 2157 1774 Octobris.

478 1796 665 1829 Thorkelin
691 1797 857 1829 Analecta
883 1808 915 1840 p.
940 1797 1087 1830 76—77.
1134 1798 1307 1840 LiIchren
1332 1799 1557 1842 Diplomatar.
1583 1803 1727 1834 Svecan.
1751 1803 1796 1836 11.
1821 1813 1875 1836 no.
1904 1802 2001 1836 1369.
2026 1815 2058 1847 p.
2083 1805 2162 1838 364.
2218 1806 2292 1840 cfr.

481 1859 587 1891 Sulrm
613 1858 703 1891 nist.
730 1859 769 1891 af
792 1860 939 1892 Danmk.
964 1860 1025 1891 XI.
1051 1859 1198 1892 4104-5.

348 1931 504 1981 [1584]
560 1931 680 1971 Emer
711 1932 911 1971 Danorum
949 1933 1056 1984 regis
1092 1922 1142 1971 ad
1179 1933 1286 1972 cives
1323 1933 1647 1974 Rostockienses
1685 1935 1872 1988 obligatio
1911 1937 1959 1975 de
1988 1936 2120 1976 debito
2150 1937 2294 1979 domini
2319 1944 2373 1978 20.
2399 1946 2521 1978 Novbr.

84 2001 240 2041 Nicolai
271 2000 319 2040 de
348 2002 552 2048 Rostock,
590 2002 814 2055 quindecim
852 2002 1024 2041 millibus
1053 2016 1269 2041 marcarum
1300 2007 1465 2043 monetae
1497 2005 1702 2050 Slavialis,
1733 2008 1853 2045 certis
1883 2008 2058 2046 terminis
2089 2008 2292 2056 solvendo,

88 2071 352 2111 vadimonium
381 2072 664 2125 praestantibus
694 2072 880 2112 fratribus
910 2074 1033 2124 regis,
1077 2071 1297 2112 domicellis
1336 2073 1621 2127 Christophoro
1661 2080 1701 2114 et
1729 2075 2003 2123 W'oldemaro,
2044 2076 2163 2116 Erico
2193 2078 2292 2117 duee

86 2142 326 2190 Hallandiae,
355 2142 522 2182 Nicolao
552 2143 836 2182 Rostockiensi
866 2146 906 2182 et
934 2142 1068 2181 multis
1098 2142 1294 2182 nobilibus
1323 2145 1433 2183 viris.
1470 2166 1524 2172 —
1565 2145 1770 2194 Othonia»,
1807 2145 1900 2184 seria
1931 2148 2042 2186 tertia
2072 2154 2161 2187 ante
2190 2147 2294 2187 diem

88 2213 306 2263 Clementis
334 2226 459 2266 papae.
1098 2242 1102 2243 γ

480 2283 584 2316 Suhm
610 2282 702 2316 nist.
728 2283 768 2315 at·
789 2282 933 2315 Danmk.
958 2282 1019 2314 XI.
1044 2282 1213 2314 884—87.
1262 2282 1427 2315 Rostoek.
1452 2282 1631 2316 wilclrentl.
1656 2283 1881 2317 Nachriclrtcn
1910 2285 2006 2318 1753.
2032 2297 2062 2328 p.
2087 2286 2235 2319 25—27.

351 2356 507 2406 [1585]
564 2357 761 2396 VVl'rzmn
805 2355 972 2394 senioris
1014 2354 1272 2407 Ruyanorum
1316 2356 1502 2408 principis
1546 2360 1844 2403 testamentum,
1895 2358 1933 2395 in
1987 2371 2064 2410 quo
2107 2358 2293 2411 hospitali
2318 2360 2372 2394 2⁷.
2399 2360 2519 2393 Decbr·

89 2428 218 2467 sancti
246 2427 440 2466 Johannis
470 2428 508 2465 in
537 2426 815 2465 Antworskow
848 2439 922 2463 non
952 2437 1110 2477 parvam
1140 2426 1366 2475 pecuniam,
1396 2429 1436 2463 et
1464 2426 1597 2464 multis
1626 2425 1715 2464 aliis
1743 2430 1899 2473 vestes,
1930 2427 2083 2466 cimelia
2113 2432 2153 2466 et
2177 2442 2294 2480 pecu-

91 2498 178 2536 nias
207 2496 392 2536 destinat.
449 2496 554 2536 Inter
583 2500 710 2536 testes
738 2499 955 2548 praesentes
983 2495 1226 2532 nominantur
1255 2493 1463 2546 Haquinus
1493 2509 1560 2534 rex
1598 2499 1638 2534 et
1664 2494 1887 2548 Euphemia
1915 2498 2045 2548 regina
2074 2496 2293 2549 Nervegire,

90 2565 234 2606 Ericus
250 2567 327 2606 dux
346 2567 496 2607 Sveciae
513 2571 553 2606 et
566 2567 742 2606 -Jacobus
759 2565 836 2604 dux
852 2563 1080 2603 Hallandiae.
1099 2585 1147 2590 —
1165 2564 1245 2616 Ap.
1263 2566 1471 2602 civitatem
1490 2565 1647 2611 Asloe'n,
1671 2564 1735 2604 (lie
1751 2565 1942 2604 Johannis
1957 2571 2084 2618 apost.
2102 2570 2141 2605 et
2156 2582 2293 2619 evang.

483 2637 614 2670 Ger-des
649 2634 911 2679 [for-tgesetzte)
943 2633 1081 2666 sauunl.
1106 2633 1277 2666 Meklenb.
1313 2633 1470 2666 Urkund.
1505 2645 1535 2677 p.
1572 2634 1715 2667 10—13.
1762 2635 1851 2678 Epit.
1883 2635 1935 2668 in:
1977 2636 2144 2669 vidensk.
2177 2638 2292 2671 Sclsk.

483 2698 635 2731 Skrifter
659 2698 738 2731 Vll.
767 2697 841 2729 184.
1800 2736 1803 2738 v

353 2771 509 2821 [1586]
567 2772 670 2810 Acta
699 2769 859 2823 capituli
888 2767 1081 2820 generalis
1111 2766 1259 2805 ordinis
1289 2765 1607 2806 praedicatorum,
1664 2767 1684 2818 ἕ
1717 2768 1785 2807 10:
1823 2768 2108 2809 “Absolvimus
2140 2772 2293 2823 priores

91 2842 373 2896 provinciales,
418 2842 620 2894 Ungariae,
662 2841 811 2880 Diem
844 2866 960 2877 .....
1015 2836 1065 2875 Hi
1102 2835 1272 2874 absoluti
1310 2837 1347 2874 in
1384 2837 1533 2876 eisdem
1571 2839 1783 2890 provinciis
1821 2839 1881 2877 vel
1919 2838 2176 2878 conventibus
2218 2840 2294 2880 hoc

91 2925 194 2952 anno
233 2912 282 2951 ad
320 2911 458 2951 eadem
496 2912 624 2951 officia
653 2911 875 2950 nullatenus
912 2906 1196 2945 resumantur''.
1267 2904 1286 2955 §
1329 2906 1396 2945 16:
1433 2905 1580 2953 “ltem,
1623 2906 1798 2946 distrIcte
1828 2910 2066 2962 injungimus
2100 2910 2294 2962 prioribus

90 2981 395 3034 provincialibus
430 2981 493 3021 vel
531 2995 665 3021 eorum
701 2980 856 3020 vicariis
894 2977 1174 3030 provinciarum
1206 2975 1367 3014 inferius
1396 2980 1684 3024 contentarum,
1725 2977 1905 3017 videlicet
1932 2978 2102 3018 Franciae
2107 3008 2293 3027 ......

46 3064 49 3069 ¹
92 3052 142 3092 de
180 3051 356 3104 qualibet
390 3051 490 3090 duas
532 3065 687 3091 marcas
725 3049 893 3101 argenti3
938 3044 1142 3099 provinciae
1180 3058 1270 3083 vero
1307 3044 1518 3092 Romame,
1561 3047 1667 3097 regni
1699 3046 1846 3095 ‚Siciliae
1875 3075 1993 3087 .....
2032 3049 2200 3097 Dum,
2244 3051 2293 3090 (le

93 3120 268 3174 qualibet
304 3134 422 3160 11113111
457 3135 627 3160 marcam
664 3118 903 3173 procuratori
942 3115 1085 3154 ordinis
1122 3114 1158 3152 in
1195 3113 1376 3153 Romana
1413 3116 1518 3154 curia
1556 3115 1653 3154 infra
1691 3129 1865 3169 sequens
1900 3118 2044 3158 festum
2081 3121 2293 3161 nativitatis

93 3190 239 3232 domini
267 3194 404 3231 curent
431 3189 595 3229 fideliter
623 3191 798 3236 mittere,
827 3186 889 3226 vel
917 3199 987 3238 per
1016 3196 1195 3223 securum
1226 3184 1402 3223 nuntium
1432 3185 1677 3237 assignare”.
1707 3208 1755 3214 —
1786 3187 1992 3230 Bononiae.

484 3261 639 3294 Martene
665 3263 697 3294 et
720 3258 860 3294 Durand
886 3257 1049 3289 Thesaur.
1075 3263 1148 3288 nov.
1175 3253 1298 3286 Anecd.
1325 3254 1420 3288 Tom.
1445 3255 1507 3288 IV.
1537 3253 1725 3289 1884—85.

164 3322 294 3358 aegest.
313 3323 390 3352 Dan.
409 3323 431 3352 1.
1792 3373 1799 3375 -
1985 3323 2036 3364 25
