<?xml version="1.0" encoding="UTF-8"?>
<!DOCTYPE html PUBLIC "-//W3C//DTD XHTML 1.0 Transitional//EN"
    "http://www.w3.org/TR/xhtml1/DTD/xhtml1-transitional.dtd">
<html xmlns="http://www.w3.org/1999/xhtml" xml:lang="en" lang="en">
 <head>
  <title>
</title>
<meta http-equiv="Content-Type" content="text/html;charset=utf-8" />
  <meta name='ocr-system' content='tesseract 3.04.00' />
  <meta name='ocr-capabilities' content='ocr_page ocr_carea ocr_par ocr_line ocrx_word'/>
</head>
<body>
  <div class='ocr_page' id='page_1' title='image "./regestadiplomati01dansuoft_0301.png"; bbox 0 0 2649 3686; ppageno 0'>
   <div class='ocr_carea' id='block_1_1' title="bbox 785 143 2284 203">
    <p class='ocr_par' dir='ltr' id='par_1_1' title="bbox 785 143 2284 203">
     <span class='ocr_line' id='line_1_1' title="bbox 785 143 2284 203; baseline 0.009 -12"><span class='ocrx_word' id='word_1_1' title='bbox 785 143 939 193; x_wconf 78' lang='lat' dir='ltr'><strong>Koxo</strong></span> <span class='ocrx_word' id='word_1_2' title='bbox 973 145 1262 195; x_wconf 68' lang='lat' dir='ltr'><strong>VALoEMAn</strong></span> <span class='ocrx_word' id='word_1_3' title='bbox 1297 146 1344 194; x_wconf 86' lang='lat' dir='ltr'><strong>A</strong></span> <span class='ocrx_word' id='word_1_4' title='bbox 1353 163 1587 196; x_wconf 65' lang='lat' dir='ltr'><strong>nnuma.</strong></span> <span class='ocrx_word' id='word_1_5' title='bbox 2189 154 2284 203; x_wconf 80' lang='lat'><strong>291</strong></span> 
     </span>
    </p>
   </div>
   <div class='ocr_carea' id='block_1_2' title="bbox 81 228 2285 248">
    <p class='ocr_par' dir='ltr' id='par_1_2' title="bbox 81 228 2285 248">
     <span class='ocr_line' id='line_1_2' title="bbox 81 228 2285 248; baseline 0 3438"><span class='ocrx_word' id='word_1_6' title='bbox 81 228 2285 248; x_wconf 95' lang='lat' dir='ltr'><strong> </strong></span> 
     </span>
    </p>
   </div>
   <div class='ocr_carea' id='block_1_3' title="bbox 82 311 2517 776">
    <p class='ocr_par' dir='ltr' id='par_1_3' title="bbox 82 311 2515 582">
     <span class='ocr_line' id='line_1_3' title="bbox 344 311 2472 377; baseline 0.007 -26"><span class='ocrx_word' id='word_1_7' title='bbox 344 311 492 364; x_wconf 57' lang='lat'>[2453]</span> <span class='ocrx_word' id='word_1_8' title='bbox 550 312 694 354; x_wconf 76' lang='lat' dir='ltr'><strong>Literae</strong></span> <span class='ocrx_word' id='word_1_9' title='bbox 723 315 1031 365; x_wconf 61' lang='lat' dir='ltr'><strong>Muenna,</strong></span> <span class='ocrx_word' id='word_1_10' title='bbox 1069 320 1210 360; x_wconf 78' lang='lat' dir='ltr'><strong>relictae</strong></span> <span class='ocrx_word' id='word_1_11' title='bbox 1242 320 1368 360; x_wconf 87' lang='lat' dir='ltr'><strong>Caroli</strong></span> <span class='ocrx_word' id='word_1_12' title='bbox 1402 319 1624 360; x_wconf 84' lang='lat' dir='ltr'><strong>Jacobssen</strong></span> <span class='ocrx_word' id='word_1_13' title='bbox 1664 320 1861 374; x_wconf 84' lang='lat' dir='ltr'><strong>quondam</strong></span> <span class='ocrx_word' id='word_1_14' title='bbox 1892 322 2020 361; x_wconf 90' lang='lat' dir='ltr'><strong>villani</strong></span> <span class='ocrx_word' id='word_1_15' title='bbox 2050 324 2086 362; x_wconf 93' lang='lat' dir='ltr'><strong>in</strong></span> <span class='ocrx_word' id='word_1_16' title='bbox 2117 325 2285 377; x_wconf 71' lang='lat' dir='ltr'><strong>Aponi-a,</strong></span> <span class='ocrx_word' id='word_1_17' title='bbox 2357 326 2472 366; x_wconf 78' lang='lat'><strong>1360.</strong></span> 
     </span>
     <span class='ocr_line' id='line_1_4' title="bbox 85 380 2515 443; baseline 0.006 -23"><span class='ocrx_word' id='word_1_18' title='bbox 85 380 228 434; x_wconf 87' lang='lat' dir='ltr'><strong>quibus</strong></span> <span class='ocrx_word' id='word_1_19' title='bbox 257 386 394 421; x_wconf 90' lang='lat' dir='ltr'><strong>notum</strong></span> <span class='ocrx_word' id='word_1_20' title='bbox 425 382 536 429; x_wconf 83' lang='lat' dir='ltr'><strong>facit,</strong></span> <span class='ocrx_word' id='word_1_21' title='bbox 568 384 676 436; x_wconf 88' lang='lat' dir='ltr'><strong>quod</strong></span> <span class='ocrx_word' id='word_1_22' title='bbox 707 387 833 426; x_wconf 90' lang='lat' dir='ltr'><strong>omnia</strong></span> <span class='ocrx_word' id='word_1_23' title='bbox 864 385 963 427; x_wconf 89' lang='lat' dir='ltr'><strong>bona</strong></span> <span class='ocrx_word' id='word_1_24' title='bbox 994 402 1090 435; x_wconf 87' lang='lat' dir='ltr'><strong>sua,</strong></span> <span class='ocrx_word' id='word_1_25' title='bbox 1129 391 1164 429; x_wconf 91' lang='lat' dir='ltr'><strong>in</strong></span> <span class='ocrx_word' id='word_1_26' title='bbox 1195 390 1306 436; x_wconf 81' lang='lat' dir='ltr'><strong>villa,</strong></span> <span class='ocrx_word' id='word_1_27' title='bbox 1343 404 1483 443; x_wconf 87' lang='lat' dir='ltr'><strong>campo</strong></span> <span class='ocrx_word' id='word_1_28' title='bbox 1512 394 1551 430; x_wconf 94' lang='lat' dir='ltr'><strong>et</strong></span> <span class='ocrx_word' id='word_1_29' title='bbox 1581 390 1695 442; x_wconf 82' lang='lat' dir='ltr'>sylva</span> <span class='ocrx_word' id='word_1_30' title='bbox 1726 391 1882 430; x_wconf 81' lang='lat' dir='ltr'><strong>Genner</strong></span> <span class='ocrx_word' id='word_1_31' title='bbox 1911 393 2008 437; x_wconf 82' lang='lat' dir='ltr'><strong>sita,</strong></span> <span class='ocrx_word' id='word_1_32' title='bbox 2051 397 2285 432; x_wconf 67' lang='lat' dir='ltr'><strong>monasterio</strong></span> <span class='ocrx_word' id='word_1_33' title='bbox 2309 393 2364 426; x_wconf 82' lang='lat'><strong>20·</strong></span> <span class='ocrx_word' id='word_1_34' title='bbox 2387 394 2515 438; x_wconf 77' lang='lat' dir='ltr'><strong>Septbr.</strong></span> 
     </span>
     <span class='ocr_line' id='line_1_5' title="bbox 82 451 2287 514; baseline 0.006 -25"><span class='ocrx_word' id='word_1_35' title='bbox 82 451 237 503; x_wconf 90' lang='lat' dir='ltr'><strong>Lugum</strong></span> <span class='ocrx_word' id='word_1_36' title='bbox 259 451 409 491; x_wconf 74' lang='lat' dir='ltr'><strong>confert</strong></span> <span class='ocrx_word' id='word_1_37' title='bbox 433 457 472 492; x_wconf 91' lang='lat' dir='ltr'><strong>et</strong></span> <span class='ocrx_word' id='word_1_38' title='bbox 495 453 599 505; x_wconf 90' lang='lat' dir='ltr'><strong>legat</strong></span> <span class='ocrx_word' id='word_1_39' title='bbox 618 456 709 507; x_wconf 82' lang='lat' dir='ltr'><strong>jure</strong></span> <span class='ocrx_word' id='word_1_40' title='bbox 734 462 924 509; x_wconf 84' lang='lat' dir='ltr'><strong>perpetuo</strong></span> <span class='ocrx_word' id='word_1_41' title='bbox 947 460 1201 511; x_wconf 85' lang='lat' dir='ltr'><strong>possidenda.</strong></span> <span class='ocrx_word' id='word_1_42' title='bbox 1229 483 1277 488; x_wconf 95' lang='lat'><strong>—-</strong></span> <span class='ocrx_word' id='word_1_43' title='bbox 1308 460 1456 500; x_wconf 84' lang='lat' dir='ltr'><strong>Datum</strong></span> <span class='ocrx_word' id='word_1_44' title='bbox 1471 474 1572 500; x_wconf 84' lang='lat' dir='ltr'><strong>anno</strong></span> <span class='ocrx_word' id='word_1_45' title='bbox 1596 460 1887 500; x_wconf 75' lang='lat' dir='ltr'><strong>MCCCLXIII.</strong></span> <span class='ocrx_word' id='word_1_46' title='bbox 1912 462 2003 514; x_wconf 87' lang='lat' dir='ltr'><strong>(leg.</strong></span> <span class='ocrx_word' id='word_1_47' title='bbox 2027 462 2287 504; x_wconf 77' lang='lat' dir='ltr'><strong>MCCCLX.</strong></span> 
     </span>
     <span class='ocr_line' id='line_1_6' title="bbox 83 521 1327 582; baseline 0.007 -21"><span class='ocrx_word' id='word_1_48' title='bbox 83 523 144 571; x_wconf 80' lang='lat' dir='ltr'><strong>iu)</strong></span> <span class='ocrx_word' id='word_1_49' title='bbox 176 521 307 574; x_wconf 88' lang='lat' dir='ltr'><strong>vigilia</strong></span> <span class='ocrx_word' id='word_1_50' title='bbox 334 521 440 562; x_wconf 85' lang='lat' dir='ltr'><strong>beati</strong></span> <span class='ocrx_word' id='word_1_51' title='bbox 469 523 646 563; x_wconf 76' lang='lat' dir='ltr'><strong>Matthaei</strong></span> <span class='ocrx_word' id='word_1_52' title='bbox 675 527 845 578; x_wconf 83' lang='lat' dir='ltr'><strong>apostoli</strong></span> <span class='ocrx_word' id='word_1_53' title='bbox 876 532 914 567; x_wconf 91' lang='lat' dir='ltr'><strong>et</strong></span> <span class='ocrx_word' id='word_1_54' title='bbox 944 530 1120 581; x_wconf 82' lang='lat' dir='ltr'><strong>evangel.</strong></span> <span class='ocrx_word' id='word_1_55' title='bbox 1152 531 1327 582; x_wconf 77' lang='lat' dir='ltr'><strong>gloriosi.</strong></span> 
     </span>
    </p>

    <p class='ocr_par' dir='ltr' id='par_1_4' title="bbox 338 594 2517 776">
     <span class='ocr_line' id='line_1_7' title="bbox 473 594 2288 644; baseline 0.006 -18"><span class='ocrx_word' id='word_1_56' title='bbox 473 594 659 635; x_wconf 77' lang='lat' dir='ltr'><strong>Langebek</strong></span> <span class='ocrx_word' id='word_1_57' title='bbox 684 595 823 639; x_wconf 79' lang='lat' dir='ltr'><strong>Scriptt.</strong></span> <span class='ocrx_word' id='word_1_58' title='bbox 849 597 944 630; x_wconf 85' lang='lat' dir='ltr'><strong>VIII.</strong></span> <span class='ocrx_word' id='word_1_59' title='bbox 973 598 1048 632; x_wconf 83' lang='lat'><strong>156.</strong></span> <span class='ocrx_word' id='word_1_60' title='bbox 1074 618 1119 624; x_wconf 91' lang='lat'><strong>—</strong></span> <span class='ocrx_word' id='word_1_61' title='bbox 1144 601 1194 633; x_wconf 88' lang='lat' dir='ltr'><strong>De</strong></span> <span class='ocrx_word' id='word_1_62' title='bbox 1219 611 1328 642; x_wconf 81' lang='lat' dir='ltr'><strong>anno,</strong></span> <span class='ocrx_word' id='word_1_63' title='bbox 1361 611 1424 644; x_wconf 86' lang='lat' dir='ltr'><strong>quo</strong></span> <span class='ocrx_word' id='word_1_64' title='bbox 1456 600 1563 634; x_wconf 72' lang='lat' dir='ltr'><strong>litem</strong></span> <span class='ocrx_word' id='word_1_65' title='bbox 1593 602 1781 643; x_wconf 64' lang='lat' dir='ltr'><strong>praesentes</strong></span> <span class='ocrx_word' id='word_1_66' title='bbox 1809 600 1907 634; x_wconf 60' lang='lat' dir='ltr'><strong>editu}</strong></span> <span class='ocrx_word' id='word_1_67' title='bbox 1939 604 2038 644; x_wconf 82' lang='lat' dir='ltr'><strong>sunt,</strong></span> <span class='ocrx_word' id='word_1_68' title='bbox 2070 603 2288 637; x_wconf 80' lang='lat' dir='ltr'><strong>conserantur</strong></span> 
     </span>
     <span class='ocr_line' id='line_1_8' title="bbox 471 654 1400 705; baseline 0.008 -18"><span class='ocrx_word' id='word_1_69' title='bbox 471 654 581 688; x_wconf 81' lang='lat' dir='ltr'><strong>literae</strong></span> <span class='ocrx_word' id='word_1_70' title='bbox 606 656 753 699; x_wconf 82' lang='lat' dir='ltr'><strong>proxlme</strong></span> <span class='ocrx_word' id='word_1_71' title='bbox 777 663 953 702; x_wconf 77' lang='lat' dir='ltr'>sequentes</span> <span class='ocrx_word' id='word_1_72' title='bbox 980 659 1053 702; x_wconf 90' lang='lat' dir='ltr'><strong>(no.</strong></span> <span class='ocrx_word' id='word_1_73' title='bbox 1078 661 1180 695; x_wconf 67' lang='lat'><strong>2151.</strong></span> <span class='ocrx_word' id='word_1_74' title='bbox 1206 666 1240 694; x_wconf 85' lang='lat' dir='ltr'><strong>et</strong></span> <span class='ocrx_word' id='word_1_75' title='bbox 1263 661 1400 705; x_wconf 54' lang='lat'><strong>2155.)</strong></span> 
     </span>
     <span class='ocr_line' id='line_1_9' title="bbox 338 714 2517 776; baseline 0.005 -23"><span class='ocrx_word' id='word_1_76' title='bbox 338 714 496 765; x_wconf 67' lang='lat'>[2454]</span> <span class='ocrx_word' id='word_1_77' title='bbox 554 717 821 758; x_wconf 62' lang='lat' dir='ltr'><strong>Wunnmm</strong></span> <span class='ocrx_word' id='word_1_78' title='bbox 868 720 982 760; x_wconf 90' lang='lat' dir='ltr'><strong>ducis</strong></span> <span class='ocrx_word' id='word_1_79' title='bbox 1023 722 1140 762; x_wconf 79' lang='lat' dir='ltr'><strong>Jutiae</strong></span> <span class='ocrx_word' id='word_1_80' title='bbox 1183 724 1321 770; x_wconf 82' lang='lat' dir='ltr'><strong>literae,</strong></span> <span class='ocrx_word' id='word_1_81' title='bbox 1351 718 1528 776; x_wconf 36' lang='lat' dir='ltr'><strong>‘Synder</strong></span> <span class='ocrx_word' id='word_1_82' title='bbox 1571 723 1932 776; x_wconf 79' lang='lat' dir='ltr'><strong>Ranxstrupherret</strong></span> <span class='ocrx_word' id='word_1_83' title='bbox 1974 725 2283 766; x_wconf 78' lang='lat' dir='ltr'>inhabitantibus</span> <span class='ocrx_word' id='word_1_84' title='bbox 2307 730 2362 763; x_wconf 85' lang='lat'><strong>20.</strong></span> <span class='ocrx_word' id='word_1_85' title='bbox 2387 731 2517 775; x_wconf 78' lang='lat' dir='ltr'>septbr.</span> 
     </span>
    </p>
   </div>
   <div class='ocr_carea' id='block_1_4' title="bbox 56 783 2517 1664">
    <p class='ocr_par' dir='ltr' id='par_1_5' title="bbox 56 783 2517 1664">
     <span class='ocr_line' id='line_1_10' title="bbox 81 783 2286 848; baseline 0.006 -26"><span class='ocrx_word' id='word_1_86' title='bbox 81 783 234 831; x_wconf 78' lang='lat' dir='ltr'><strong>missae‚</strong></span> <span class='ocrx_word' id='word_1_87' title='bbox 277 783 327 823; x_wconf 92' lang='lat' dir='ltr'><strong>de</strong></span> <span class='ocrx_word' id='word_1_88' title='bbox 366 784 576 826; x_wconf 81' lang='lat' dir='ltr'><strong>donatione</strong></span> <span class='ocrx_word' id='word_1_89' title='bbox 615 800 737 840; x_wconf 82' lang='lat' dir='ltr'><strong>nuper</strong></span> <span class='ocrx_word' id='word_1_90' title='bbox 773 795 984 830; x_wconf 81' lang='lat' dir='ltr'><strong>memorata</strong></span> <span class='ocrx_word' id='word_1_91' title='bbox 1028 793 1122 840; x_wconf 86' lang='lat' dir='ltr'><strong>(vid.</strong></span> <span class='ocrx_word' id='word_1_92' title='bbox 1159 808 1222 833; x_wconf 91' lang='lat' dir='ltr'><strong>no.</strong></span> <span class='ocrx_word' id='word_1_93' title='bbox 1261 793 1396 843; x_wconf 67' lang='lat'><strong>2453.)</strong></span> <span class='ocrx_word' id='word_1_94' title='bbox 1435 807 1566 832; x_wconf 87' lang='lat' dir='ltr'><strong>coram</strong></span> <span class='ocrx_word' id='word_1_95' title='bbox 1598 795 1818 846; x_wconf 81' lang='lat' dir='ltr'><strong>justitiario</strong></span> <span class='ocrx_word' id='word_1_96' title='bbox 1856 796 1982 848; x_wconf 86' lang='lat' dir='ltr'><strong>ipsius</strong></span> <span class='ocrx_word' id='word_1_97' title='bbox 2012 795 2127 834; x_wconf 85' lang='lat' dir='ltr'><strong>sacta.</strong></span> <span class='ocrx_word' id='word_1_98' title='bbox 2158 817 2205 825; x_wconf 92' lang='lat'><strong>—</strong></span> <span class='ocrx_word' id='word_1_99' title='bbox 2238 796 2286 836; x_wconf 84' lang='lat' dir='ltr'><strong>Iu</strong></span> 
     </span>
     <span class='ocr_line' id='line_1_11' title="bbox 78 852 2284 918; baseline 0.005 -25"><span class='ocrx_word' id='word_1_100' title='bbox 78 854 257 895; x_wconf 78' lang='lat' dir='ltr'><strong>ecclesia</strong></span> <span class='ocrx_word' id='word_1_101' title='bbox 281 852 396 896; x_wconf 76' lang='lat' dir='ltr'><strong>beati</strong></span> <span class='ocrx_word' id='word_1_102' title='bbox 408 856 583 897; x_wconf 80' lang='grc' dir='ltr'><em>Νἰοοῖαί</em></span> <span class='ocrx_word' id='word_1_103' title='bbox 604 860 644 897; x_wconf 79' lang='lat' dir='ltr'><strong>in</strong></span> <span class='ocrx_word' id='word_1_104' title='bbox 660 859 843 910; x_wconf 76' lang='lat' dir='ltr'><strong>Apenra,</strong></span> <span class='ocrx_word' id='word_1_105' title='bbox 872 873 973 899; x_wconf 90' lang='lat' dir='ltr'><strong>anno</strong></span> <span class='ocrx_word' id='word_1_106' title='bbox 995 861 1140 902; x_wconf 87' lang='lat' dir='ltr'><strong>domiui</strong></span> <span class='ocrx_word' id='word_1_107' title='bbox 1164 862 1397 903; x_wconf 82' lang='lat' dir='ltr'><strong>MCCCLX.</strong></span> <span class='ocrx_word' id='word_1_108' title='bbox 1425 865 1462 903; x_wconf 93' lang='lat' dir='ltr'><strong>in</strong></span> <span class='ocrx_word' id='word_1_109' title='bbox 1487 864 1620 916; x_wconf 80' lang='lat' dir='ltr'><strong>vigilia</strong></span> <span class='ocrx_word' id='word_1_110' title='bbox 1642 862 1748 903; x_wconf 90' lang='lat' dir='ltr'><strong>beati</strong></span> <span class='ocrx_word' id='word_1_111' title='bbox 1764 864 1922 904; x_wconf 78' lang='lat' dir='ltr'><strong>Mathaei</strong></span> <span class='ocrx_word' id='word_1_112' title='bbox 1940 869 2069 918; x_wconf 80' lang='lat' dir='ltr'><strong>apost.</strong></span> <span class='ocrx_word' id='word_1_113' title='bbox 2094 869 2133 904; x_wconf 91' lang='lat' dir='ltr'><strong>et</strong></span> <span class='ocrx_word' id='word_1_114' title='bbox 2148 879 2284 918; x_wconf 81' lang='lat' dir='ltr'><strong>evang.</strong></span> 
     </span>
     <span class='ocr_line' id='line_1_12' title="bbox 469 927 1045 971; baseline 0.009 -12"><span class='ocrx_word' id='word_1_115' title='bbox 469 927 656 968; x_wconf 79' lang='lat' dir='ltr'><strong>Langebek</strong></span> <span class='ocrx_word' id='word_1_116' title='bbox 681 928 819 971; x_wconf 81' lang='lat' dir='ltr'><strong>Scriptt.</strong></span> <span class='ocrx_word' id='word_1_117' title='bbox 846 931 941 962; x_wconf 91' lang='lat' dir='ltr'><strong>VIII.</strong></span> <span class='ocrx_word' id='word_1_118' title='bbox 971 931 1045 964; x_wconf 83' lang='lat'><strong>163.</strong></span> 
     </span>
     <span class='ocr_line' id='line_1_13' title="bbox 340 987 2517 1047; baseline 0.006 -21"><span class='ocrx_word' id='word_1_119' title='bbox 340 987 496 1037; x_wconf 68' lang='lat'>[2455]</span> <span class='ocrx_word' id='word_1_120' title='bbox 554 988 831 1029; x_wconf 59' lang='lat' dir='ltr'><strong>Wmammm</strong></span> <span class='ocrx_word' id='word_1_121' title='bbox 870 991 985 1031; x_wconf 88' lang='lat' dir='ltr'><strong>ducis</strong></span> <span class='ocrx_word' id='word_1_122' title='bbox 1020 993 1142 1032; x_wconf 82' lang='lat' dir='ltr'><strong>Jucioe</strong></span> <span class='ocrx_word' id='word_1_123' title='bbox 1179 994 1320 1040; x_wconf 81' lang='lat' dir='ltr'><strong>literae,</strong></span> <span class='ocrx_word' id='word_1_124' title='bbox 1364 993 1508 1047; x_wconf 80' lang='lat' dir='ltr'><strong>quibus</strong></span> <span class='ocrx_word' id='word_1_125' title='bbox 1543 993 1675 1034; x_wconf 87' lang='lat' dir='ltr'><strong>abbati</strong></span> <span class='ocrx_word' id='word_1_126' title='bbox 1713 994 1762 1034; x_wconf 92' lang='lat' dir='ltr'><strong>de</strong></span> <span class='ocrx_word' id='word_1_127' title='bbox 1798 997 2035 1035; x_wconf 84' lang='lat' dir='ltr'><strong>monasterio</strong></span> <span class='ocrx_word' id='word_1_128' title='bbox 2072 995 2170 1035; x_wconf 88' lang='lat' dir='ltr'><strong>Loci</strong></span> <span class='ocrx_word' id='word_1_129' title='bbox 2207 996 2280 1036; x_wconf 90' lang='lat' dir='ltr'><strong>Dei</strong></span> <span class='ocrx_word' id='word_1_130' title='bbox 2307 994 2361 1027; x_wconf 82' lang='lat'><strong>2¹·</strong></span> <span class='ocrx_word' id='word_1_131' title='bbox 2387 996 2517 1039; x_wconf 57' lang='lat' dir='ltr'><strong>S‘Pssbf·</strong></span> 
     </span>
     <span class='ocr_line' id='line_1_14' title="bbox 80 1055 2280 1112; baseline 0.005 -18"><span class='ocrx_word' id='word_1_132' title='bbox 80 1057 236 1096; x_wconf 89' lang='lat' dir='ltr'><strong>“omnia</strong></span> <span class='ocrx_word' id='word_1_133' title='bbox 265 1055 368 1096; x_wconf 88' lang='lat' dir='ltr'><strong>bona</strong></span> <span class='ocrx_word' id='word_1_134' title='bbox 398 1071 472 1097; x_wconf 90' lang='lat' dir='ltr'><strong>sua</strong></span> <span class='ocrx_word' id='word_1_135' title='bbox 502 1059 537 1097; x_wconf 90' lang='lat' dir='ltr'><strong>in</strong></span> <span class='ocrx_word' id='word_1_136' title='bbox 568 1058 742 1098; x_wconf 89' lang='lat' dir='ltr'><strong>dominio</strong></span> <span class='ocrx_word' id='word_1_137' title='bbox 774 1064 814 1099; x_wconf 92' lang='lat' dir='ltr'><strong>et</strong></span> <span class='ocrx_word' id='word_1_138' title='bbox 842 1060 988 1101; x_wconf 82' lang='lat' dir='ltr'><strong>ducatu</strong></span> <span class='ocrx_word' id='word_1_139' title='bbox 1014 1067 1147 1102; x_wconf 88' lang='lat' dir='ltr'><strong>nostro</strong></span> <span class='ocrx_word' id='word_1_140' title='bbox 1167 1066 1257 1110; x_wconf 88' lang='lat' dir='ltr'><strong>sita,</strong></span> <span class='ocrx_word' id='word_1_141' title='bbox 1287 1064 1470 1111; x_wconf 80' lang='lat' dir='ltr'><strong>familias,</strong></span> <span class='ocrx_word' id='word_1_142' title='bbox 1501 1064 1655 1104; x_wconf 88' lang='lat' dir='ltr'><strong>villicos</strong></span> <span class='ocrx_word' id='word_1_143' title='bbox 1682 1068 1722 1103; x_wconf 86' lang='lat' dir='ltr'><strong>et</strong></span> <span class='ocrx_word' id='word_1_144' title='bbox 1749 1065 1914 1104; x_wconf 87' lang='lat' dir='ltr'><strong>colonos</strong></span> <span class='ocrx_word' id='word_1_145' title='bbox 1937 1079 2036 1104; x_wconf 87' lang='lat' dir='ltr'><strong>suos</strong></span> <span class='ocrx_word' id='word_1_146' title='bbox 2060 1067 2280 1112; x_wconf 74' lang='lat' dir='ltr'><strong>universos,</strong></span> 
     </span>
     <span class='ocr_line' id='line_1_15' title="bbox 78 1126 2280 1188; baseline 0.005 -24"><span class='ocrx_word' id='word_1_147' title='bbox 78 1126 127 1165; x_wconf 88' lang='lat' dir='ltr'><strong>ab</strong></span> <span class='ocrx_word' id='word_1_148' title='bbox 157 1126 342 1166; x_wconf 89' lang='lat' dir='ltr'><strong>omnibus</strong></span> <span class='ocrx_word' id='word_1_149' title='bbox 372 1131 412 1166; x_wconf 92' lang='lat' dir='ltr'><strong>et</strong></span> <span class='ocrx_word' id='word_1_150' title='bbox 441 1128 612 1180; x_wconf 86' lang='lat' dir='ltr'><strong>singulis</strong></span> <span class='ocrx_word' id='word_1_151' title='bbox 641 1131 831 1182; x_wconf 86' lang='lat' dir='ltr'><strong>precariis</strong></span> <span class='ocrx_word' id='word_1_152' title='bbox 861 1131 920 1170; x_wconf 85' lang='lat' dir='ltr'><strong>vel</strong></span> <span class='ocrx_word' id='word_1_153' title='bbox 951 1131 1130 1180; x_wconf 86' lang='lat' dir='ltr'><strong>tributis,</strong></span> <span class='ocrx_word' id='word_1_154' title='bbox 1173 1133 1221 1172; x_wconf 91' lang='lat' dir='ltr'><strong>de</strong></span> <span class='ocrx_word' id='word_1_155' title='bbox 1260 1138 1390 1173; x_wconf 90' lang='lat' dir='ltr'><strong>cetero</strong></span> <span class='ocrx_word' id='word_1_156' title='bbox 1428 1148 1497 1186; x_wconf 86' lang='lat' dir='ltr'><strong>per</strong></span> <span class='ocrx_word' id='word_1_157' title='bbox 1534 1147 1607 1172; x_wconf 85' lang='lat' dir='ltr'><strong>nos</strong></span> <span class='ocrx_word' id='word_1_158' title='bbox 1645 1134 1705 1173; x_wconf 87' lang='lat' dir='ltr'><strong>vel</strong></span> <span class='ocrx_word' id='word_1_159' title='bbox 1743 1136 1898 1173; x_wconf 90' lang='lat' dir='ltr'><strong>nomine</strong></span> <span class='ocrx_word' id='word_1_160' title='bbox 1927 1140 2060 1174; x_wconf 85' lang='lat' dir='ltr'><strong>nostro</strong></span> <span class='ocrx_word' id='word_1_161' title='bbox 2097 1136 2280 1188; x_wconf 85' lang='lat' dir='ltr'><strong>petendis</strong></span> 
     </span>
     <span class='ocr_line' id='line_1_16' title="bbox 56 1197 2279 1257; baseline 0.004 -22"><span class='ocrx_word' id='word_1_162' title='bbox 56 1209 149 1235; x_wconf 80' lang='lat' dir='ltr'><strong>¹seu</strong></span> <span class='ocrx_word' id='word_1_163' title='bbox 178 1197 447 1250; x_wconf 82' lang='lat' dir='ltr'><strong>imponendis,</strong></span> <span class='ocrx_word' id='word_1_164' title='bbox 491 1197 541 1237; x_wconf 87' lang='lat' dir='ltr'><strong>ad</strong></span> <span class='ocrx_word' id='word_1_165' title='bbox 577 1197 666 1238; x_wconf 91' lang='lat' dir='ltr'><strong>dies</strong></span> <span class='ocrx_word' id='word_1_166' title='bbox 703 1204 862 1240; x_wconf 89' lang='lat' dir='ltr'><strong>nostros</strong></span> <span class='ocrx_word' id='word_1_167' title='bbox 900 1200 1021 1240; x_wconf 86' lang='lat' dir='ltr'><strong>libera</strong></span> <span class='ocrx_word' id='word_1_168' title='bbox 1057 1206 1097 1241; x_wconf 91' lang='lat' dir='ltr'><strong>et</strong></span> <span class='ocrx_word' id='word_1_169' title='bbox 1133 1202 1298 1250; x_wconf 86' lang='lat' dir='ltr'><strong>liberos,</strong></span> <span class='ocrx_word' id='word_1_170' title='bbox 1342 1207 1525 1256; x_wconf 83' lang='lat' dir='ltr'><strong>exempta</strong></span> <span class='ocrx_word' id='word_1_171' title='bbox 1563 1205 1707 1257; x_wconf 90' lang='lat' dir='ltr'><strong>pariter</strong></span> <span class='ocrx_word' id='word_1_172' title='bbox 1736 1208 1775 1243; x_wconf 91' lang='lat' dir='ltr'><strong>et</strong></span> <span class='ocrx_word' id='word_1_173' title='bbox 1803 1208 2028 1257; x_wconf 83' lang='lat' dir='ltr'><strong>exemptos,</strong></span> <span class='ocrx_word' id='word_1_174' title='bbox 2071 1205 2210 1245; x_wconf 84' lang='lat' dir='ltr'><strong>damus</strong></span> <span class='ocrx_word' id='word_1_175' title='bbox 2241 1210 2279 1244; x_wconf 92' lang='lat' dir='ltr'><strong>et</strong></span> 
     </span>
     <span class='ocr_line' id='line_1_17' title="bbox 77 1265 1800 1326; baseline 0.003 -20"><span class='ocrx_word' id='word_1_176' title='bbox 77 1265 308 1307; x_wconf 85' lang='lat' dir='ltr'><strong>dimittimus</strong></span> <span class='ocrx_word' id='word_1_177' title='bbox 337 1282 408 1322; x_wconf 89' lang='lat' dir='ltr'><strong>per</strong></span> <span class='ocrx_word' id='word_1_178' title='bbox 436 1270 692 1321; x_wconf 87' lang='lat' dir='ltr'><strong>praesentes”.</strong></span> <span class='ocrx_word' id='word_1_179' title='bbox 723 1292 773 1298; x_wconf 91' lang='lat'>—</span> <span class='ocrx_word' id='word_1_180' title='bbox 805 1271 993 1324; x_wconf 76' lang='lat' dir='ltr'><strong>Apeura,</strong></span> <span class='ocrx_word' id='word_1_181' title='bbox 1024 1271 1088 1311; x_wconf 90' lang='lat' dir='ltr'><strong>die</strong></span> <span class='ocrx_word' id='word_1_182' title='bbox 1117 1272 1219 1312; x_wconf 88' lang='lat' dir='ltr'><strong>beati</strong></span> <span class='ocrx_word' id='word_1_183' title='bbox 1247 1273 1407 1312; x_wconf 79' lang='lat' dir='ltr'><strong>Mathaei</strong></span> <span class='ocrx_word' id='word_1_184' title='bbox 1436 1277 1565 1326; x_wconf 85' lang='lat' dir='ltr'><strong>apost.</strong></span> <span class='ocrx_word' id='word_1_185' title='bbox 1596 1278 1636 1312; x_wconf 90' lang='lat' dir='ltr'><strong>et</strong></span> <span class='ocrx_word' id='word_1_186' title='bbox 1664 1287 1800 1326; x_wconf 80' lang='lat' dir='ltr'><strong>evang.</strong></span> 
     </span>
     <span class='ocr_line' id='line_1_18' title="bbox 469 1338 1050 1384; baseline 0.007 -14"><span class='ocrx_word' id='word_1_187' title='bbox 469 1338 660 1380; x_wconf 80' lang='lat' dir='ltr'><strong>Langebek</strong></span> <span class='ocrx_word' id='word_1_188' title='bbox 686 1340 825 1384; x_wconf 81' lang='lat' dir='ltr'><strong>Scriptt.</strong></span> <span class='ocrx_word' id='word_1_189' title='bbox 850 1342 946 1374; x_wconf 81' lang='lat' dir='ltr'><strong>VIII.</strong></span> <span class='ocrx_word' id='word_1_190' title='bbox 975 1341 1050 1375; x_wconf 85' lang='grc'><strong>180.</strong></span> 
     </span>
     <span class='ocr_line' id='line_1_19' title="bbox 335 1399 2498 1458; baseline 0.003 -20"><span class='ocrx_word' id='word_1_191' title='bbox 335 1399 492 1449; x_wconf 66' lang='lat'>[2456]</span> <span class='ocrx_word' id='word_1_192' title='bbox 551 1400 839 1441; x_wconf 89' lang='lat' dir='ltr'><strong>Testimonium</strong></span> <span class='ocrx_word' id='word_1_193' title='bbox 883 1407 1062 1443; x_wconf 67' lang='lat' dir='ltr'><strong>“Torius</strong></span> <span class='ocrx_word' id='word_1_194' title='bbox 1107 1417 1426 1444; x_wconf 62' lang='lat' dir='ltr'><strong>communium-is</strong></span> <span class='ocrx_word' id='word_1_195' title='bbox 1465 1417 1510 1443; x_wconf 73' lang='lat' dir='ltr'><strong>nv</strong></span> <span class='ocrx_word' id='word_1_196' title='bbox 1547 1405 2071 1454; x_wconf 59' lang='lat' dir='ltr'><strong>W&#39;nsvaauffitnfflrriiiin&#39;&#39;,</strong></span> <span class='ocrx_word' id='word_1_197' title='bbox 2113 1420 2274 1458; x_wconf 81' lang='lat' dir='ltr'><strong>posses·</strong></span> <span class='ocrx_word' id='word_1_198' title='bbox 2310 1411 2344 1443; x_wconf 86' lang='lat'><strong>8.</strong></span> <span class='ocrx_word' id='word_1_199' title='bbox 2376 1410 2498 1444; x_wconf 68' lang='lat' dir='ltr'><strong>Novbr.</strong></span> 
     </span>
     <span class='ocr_line' id='line_1_20' title="bbox 68 1470 2274 1528; baseline 0.003 -21"><span class='ocrx_word' id='word_1_200' title='bbox 68 1481 189 1516; x_wconf 52' lang='lat' dir='ltr'><strong>‚sores</strong></span> <span class='ocrx_word' id='word_1_201' title='bbox 226 1482 453 1522; x_wconf 87' lang='lat' dir='ltr'><strong>camporum</strong></span> <span class='ocrx_word' id='word_1_202' title='bbox 487 1470 695 1510; x_wconf 89' lang='lat' dir='ltr'><strong>Uddersen</strong></span> <span class='ocrx_word' id='word_1_203' title='bbox 732 1476 773 1511; x_wconf 87' lang='lat' dir='ltr'><strong>et</strong></span> <span class='ocrx_word' id='word_1_204' title='bbox 800 1472 989 1524; x_wconf 86' lang='lat' dir='ltr'><strong>Blegsum</strong></span> <span class='ocrx_word' id='word_1_205' title='bbox 1027 1475 1063 1513; x_wconf 92' lang='lat' dir='ltr'><strong>in</strong></span> <span class='ocrx_word' id='word_1_206' title='bbox 1100 1474 1244 1526; x_wconf 86' lang='lat' dir='ltr'><strong>placito</strong></span> <span class='ocrx_word' id='word_1_207' title='bbox 1276 1476 1495 1528; x_wconf 85' lang='lat' dir='ltr'><strong>justitiario</strong></span> <span class='ocrx_word' id='word_1_208' title='bbox 1533 1489 1670 1514; x_wconf 84' lang='lat' dir='ltr'><strong>omnes</strong></span> <span class='ocrx_word' id='word_1_209' title='bbox 1707 1480 1850 1521; x_wconf 85' lang='lat' dir='ltr'><strong>terras,</strong></span> <span class='ocrx_word' id='word_1_210' title='bbox 1893 1478 2040 1527; x_wconf 88' lang='lat' dir='ltr'><strong>“super</strong></span> <span class='ocrx_word' id='word_1_211' title='bbox 2076 1489 2176 1528; x_wconf 85' lang='lat' dir='ltr'><strong>quas</strong></span> <span class='ocrx_word' id='word_1_212' title='bbox 2213 1489 2274 1514; x_wconf 87' lang='lat' dir='ltr'><strong>ca-</strong></span> 
     </span>
     <span class='ocr_line' id='line_1_21' title="bbox 73 1539 2271 1596; baseline 0.003 -19"><span class='ocrx_word' id='word_1_213' title='bbox 73 1539 231 1578; x_wconf 87' lang='lat' dir='ltr'><strong>stellum</strong></span> <span class='ocrx_word' id='word_1_214' title='bbox 261 1540 300 1579; x_wconf 92' lang='lat' dir='ltr'><strong>in</strong></span> <span class='ocrx_word' id='word_1_215' title='bbox 328 1539 433 1579; x_wconf 61' lang='lat' dir='ltr'><strong>Furit</strong></span> <span class='ocrx_word' id='word_1_216' title='bbox 461 1540 666 1580; x_wconf 83' lang='lat' dir='ltr'><strong>fundatum</strong></span> <span class='ocrx_word' id='word_1_217' title='bbox 697 1545 779 1589; x_wconf 85' lang='lat' dir='ltr'><strong>est,</strong></span> <span class='ocrx_word' id='word_1_218' title='bbox 822 1542 937 1582; x_wconf 85' lang='lat' dir='ltr'><strong>videl.</strong></span> <span class='ocrx_word' id='word_1_219' title='bbox 969 1543 1280 1590; x_wconf 82' lang='lat' dir='ltr'><strong>fundamentum,</strong></span> <span class='ocrx_word' id='word_1_220' title='bbox 1325 1545 1446 1591; x_wconf 87' lang='lat' dir='ltr'><strong>viam,</strong></span> <span class='ocrx_word' id='word_1_221' title='bbox 1489 1544 1629 1584; x_wconf 88' lang='lat' dir='ltr'><strong>soueas</strong></span> <span class='ocrx_word' id='word_1_222' title='bbox 1657 1550 1697 1583; x_wconf 88' lang='lat' dir='ltr'><strong>et</strong></span> <span class='ocrx_word' id='word_1_223' title='bbox 1725 1558 1872 1596; x_wconf 85' lang='lat' dir='ltr'><strong>aquas,</strong></span> <span class='ocrx_word' id='word_1_224' title='bbox 1914 1559 1985 1583; x_wconf 85' lang='lat' dir='ltr'><strong>nec</strong></span> <span class='ocrx_word' id='word_1_225' title='bbox 2022 1559 2098 1583; x_wconf 91' lang='lat' dir='ltr'><strong>non</strong></span> <span class='ocrx_word' id='word_1_226' title='bbox 2129 1549 2271 1591; x_wconf 86' lang='lat' dir='ltr'><strong>terras,</strong></span> 
     </span>
     <span class='ocr_line' id='line_1_22' title="bbox 72 1603 2273 1664; baseline 0.002 -16"><span class='ocrx_word' id='word_1_227' title='bbox 72 1621 194 1662; x_wconf 88' lang='lat' dir='ltr'><strong>snper</strong></span> <span class='ocrx_word' id='word_1_228' title='bbox 221 1622 323 1662; x_wconf 88' lang='lat' dir='ltr'><strong>quas</strong></span> <span class='ocrx_word' id='word_1_229' title='bbox 351 1612 459 1651; x_wconf 90' lang='lat' dir='ltr'><strong>curia</strong></span> <span class='ocrx_word' id='word_1_230' title='bbox 488 1611 593 1651; x_wconf 87' lang='lat' dir='ltr'><strong>dicta</strong></span> <span class='ocrx_word' id='word_1_231' title='bbox 622 1611 866 1664; x_wconf 87' lang='lat' dir='ltr'><strong>Lathgaarth</strong></span> <span class='ocrx_word' id='word_1_232' title='bbox 897 1613 1086 1652; x_wconf 77' lang='lat' dir='ltr'><strong>aedificata</strong></span> <span class='ocrx_word' id='word_1_233' title='bbox 1115 1614 1223 1660; x_wconf 86' lang='lat' dir='ltr'><strong>est”,</strong></span> <span class='ocrx_word' id='word_1_234' title='bbox 1264 1613 1381 1654; x_wconf 88' lang='lat' dir='ltr'><strong>Erico</strong></span> <span class='ocrx_word' id='word_1_235' title='bbox 1411 1614 1534 1653; x_wconf 84' lang='lat' dir='ltr'><strong>Riind</strong></span> <span class='ocrx_word' id='word_1_236' title='bbox 1562 1614 1793 1654; x_wconf 88' lang='lat' dir='ltr'><strong>vendidisse</strong></span> <span class='ocrx_word' id='word_1_237' title='bbox 1821 1618 1860 1654; x_wconf 90' lang='lat' dir='ltr'><strong>et</strong></span> <span class='ocrx_word' id='word_1_238' title='bbox 1889 1619 2083 1654; x_wconf 86' lang='lat' dir='ltr'><strong>scotasse.</strong></span> <span class='ocrx_word' id='word_1_239' title='bbox 2113 1637 2166 1643; x_wconf 90' lang='lat'>—</span> <span class='ocrx_word' id='word_1_240' title='bbox 2195 1603 2273 1654; x_wconf 85' lang='lat' dir='ltr'><strong>Do-</strong></span> 
     </span>
    </p>
   </div>
   <div class='ocr_carea' id='block_1_5' title="bbox 71 1679 1453 1796">
    <p class='ocr_par' dir='ltr' id='par_1_6' title="bbox 71 1679 1453 1796">
     <span class='ocr_line' id='line_1_23' title="bbox 71 1679 1006 1734; baseline 0.003 -16"><span class='ocrx_word' id='word_1_241' title='bbox 71 1679 210 1719; x_wconf 90' lang='lat' dir='ltr'><strong>minica</strong></span> <span class='ocrx_word' id='word_1_242' title='bbox 237 1681 416 1734; x_wconf 85' lang='lat' dir='ltr'><strong>proxima</strong></span> <span class='ocrx_word' id='word_1_243' title='bbox 444 1689 539 1734; x_wconf 89' lang='lat' dir='ltr'><strong>post</strong></span> <span class='ocrx_word' id='word_1_244' title='bbox 568 1684 739 1721; x_wconf 82' lang='lat' dir='ltr'><strong>omnium</strong></span> <span class='ocrx_word' id='word_1_245' title='bbox 769 1686 1006 1721; x_wconf 87' lang='lat' dir='ltr'><strong>sanctorum.</strong></span> 
     </span>
     <span class='ocr_line' id='line_1_24' title="bbox 464 1751 1453 1796; baseline 0.002 -12"><span class='ocrx_word' id='word_1_246' title='bbox 464 1751 657 1784; x_wconf 86' lang='lat' dir='ltr'><strong>Michelsen</strong></span> <span class='ocrx_word' id='word_1_247' title='bbox 681 1752 943 1785; x_wconf 73' lang='lat' dir='ltr'><strong>Nor-dfriesland</strong></span> <span class='ocrx_word' id='word_1_248' title='bbox 968 1765 998 1796; x_wconf 92' lang='lat' dir='ltr'><strong>p.</strong></span> <span class='ocrx_word' id='word_1_249' title='bbox 1027 1752 1101 1786; x_wconf 82' lang='lat'><strong>193.</strong></span> <span class='ocrx_word' id='word_1_250' title='bbox 1127 1753 1190 1786; x_wconf 79' lang='lat' dir='ltr'><strong>cfr.</strong></span> <span class='ocrx_word' id='word_1_251' title='bbox 1215 1752 1293 1785; x_wconf 87' lang='lat' dir='ltr'><strong>ibid.</strong></span> <span class='ocrx_word' id='word_1_252' title='bbox 1318 1764 1349 1795; x_wconf 87' lang='lat' dir='ltr'><strong>p.</strong></span> <span class='ocrx_word' id='word_1_253' title='bbox 1374 1752 1453 1786; x_wconf 71' lang='lat'><strong>284.</strong></span> 
     </span>
    </p>
   </div>
   <div class='ocr_carea' id='block_1_6' title="bbox 69 1813 2492 2147">
    <p class='ocr_par' dir='ltr' id='par_1_7' title="bbox 69 1813 2492 2147">
     <span class='ocr_line' id='line_1_25' title="bbox 333 1813 2492 1862; baseline 0.001 -10"><span class='ocrx_word' id='word_1_254' title='bbox 333 1813 489 1862; x_wconf 67' lang='lat'>[2457]</span> <span class='ocrx_word' id='word_1_255' title='bbox 547 1813 691 1853; x_wconf 84' lang='lat' dir='ltr'><strong>Literae</strong></span> <span class='ocrx_word' id='word_1_256' title='bbox 720 1813 849 1853; x_wconf 61' lang='lat' dir='ltr'><strong>Prmu</strong></span> <span class='ocrx_word' id='word_1_257' title='bbox 879 1815 1041 1853; x_wconf 82' lang='lat' dir='ltr'><strong>rectoris</strong></span> <span class='ocrx_word' id='word_1_258' title='bbox 1070 1814 1247 1853; x_wconf 78' lang='lat' dir='ltr'><strong>ecclesiae</strong></span> <span class='ocrx_word' id='word_1_259' title='bbox 1276 1813 1313 1854; x_wconf 93' lang='lat' dir='ltr'><strong>b.</strong></span> <span class='ocrx_word' id='word_1_260' title='bbox 1341 1813 1535 1854; x_wconf 84' lang='lat' dir='ltr'><strong>Johannis</strong></span> <span class='ocrx_word' id='word_1_261' title='bbox 1564 1815 1600 1854; x_wconf 91' lang='lat' dir='ltr'><strong>in</strong></span> <span class='ocrx_word' id='word_1_262' title='bbox 1631 1814 1720 1862; x_wconf 67' lang='lat' dir='ltr'><strong>For,</strong></span> <span class='ocrx_word' id='word_1_263' title='bbox 1748 1814 1936 1854; x_wconf 75' lang='lat' dir='ltr'><strong>Lnnnmu</strong></span> <span class='ocrx_word' id='word_1_264' title='bbox 1960 1817 2090 1855; x_wconf 86' lang='lat' dir='ltr'><strong>vicarii</strong></span> <span class='ocrx_word' id='word_1_265' title='bbox 2116 1815 2272 1859; x_wconf 79' lang='lat' dir='ltr'><strong>ibidem.</strong></span> <span class='ocrx_word' id='word_1_266' title='bbox 2308 1819 2341 1851; x_wconf 88' lang='lat'><strong>8-</strong></span> <span class='ocrx_word' id='word_1_267' title='bbox 2367 1819 2492 1852; x_wconf 69' lang='lat' dir='ltr'><strong>Novbr.</strong></span> 
     </span>
     <span class='ocr_line' id='line_1_26' title="bbox 70 1882 2272 1925; baseline 0.002 -4"><span class='ocrx_word' id='word_1_268' title='bbox 70 1882 264 1923; x_wconf 62' lang='lat' dir='ltr'><strong>Anvasu</strong></span> <span class='ocrx_word' id='word_1_269' title='bbox 306 1884 473 1923; x_wconf 86' lang='lat' dir='ltr'><strong>rectoris</strong></span> <span class='ocrx_word' id='word_1_270' title='bbox 516 1884 696 1923; x_wconf 87' lang='lat' dir='ltr'><strong>ecclesiae</strong></span> <span class='ocrx_word' id='word_1_271' title='bbox 740 1884 778 1924; x_wconf 90' lang='lat' dir='ltr'><strong>h.</strong></span> <span class='ocrx_word' id='word_1_272' title='bbox 816 1884 996 1924; x_wconf 87' lang='lat' dir='ltr'><strong>Nicholai</strong></span> <span class='ocrx_word' id='word_1_273' title='bbox 1031 1883 1175 1924; x_wconf 84' lang='lat' dir='ltr'><strong>ibidem</strong></span> <span class='ocrx_word' id='word_1_274' title='bbox 1217 1887 1257 1922; x_wconf 93' lang='lat' dir='ltr'><strong>et</strong></span> <span class='ocrx_word' id='word_1_275' title='bbox 1298 1884 1528 1923; x_wconf 67' lang='lat' dir='ltr'><strong>Fumea-cn</strong></span> <span class='ocrx_word' id='word_1_276' title='bbox 1571 1887 1735 1924; x_wconf 87' lang='lat' dir='ltr'><strong>rectoris</strong></span> <span class='ocrx_word' id='word_1_277' title='bbox 1777 1885 1956 1925; x_wconf 82' lang='lat' dir='ltr'><strong>ecclesiae</strong></span> <span class='ocrx_word' id='word_1_278' title='bbox 1997 1885 2035 1925; x_wconf 91' lang='lat' dir='ltr'><strong>b.</strong></span> <span class='ocrx_word' id='word_1_279' title='bbox 2070 1885 2272 1925; x_wconf 80' lang='lat' dir='ltr'><strong>Laurentii</strong></span> 
     </span>
     <span class='ocr_line' id='line_1_27' title="bbox 72 1945 2270 2007; baseline 0.001 -16"><span class='ocrx_word' id='word_1_280' title='bbox 72 1951 232 2000; x_wconf 87' lang='lat' dir='ltr'><strong>ibidem,</strong></span> <span class='ocrx_word' id='word_1_281' title='bbox 262 1945 534 2000; x_wconf 80' lang='lat' dir='ltr'><strong>sacerdotum,</strong></span> <span class='ocrx_word' id='word_1_282' title='bbox 561 1954 703 2006; x_wconf 89' lang='lat' dir='ltr'><strong>quibus</strong></span> <span class='ocrx_word' id='word_1_283' title='bbox 733 1958 946 2001; x_wconf 83' lang='lat' dir='ltr'><strong>testantur,</strong></span> <span class='ocrx_word' id='word_1_284' title='bbox 976 1967 1327 2006; x_wconf 82' lang='lat' dir='ltr'><strong>compossessores</strong></span> <span class='ocrx_word' id='word_1_285' title='bbox 1357 1967 1581 2006; x_wconf 88' lang='lat' dir='ltr'><strong>camporum</strong></span> <span class='ocrx_word' id='word_1_286' title='bbox 1612 1954 1837 1994; x_wconf 85' lang='lat' dir='ltr'><strong>Uddersum</strong></span> <span class='ocrx_word' id='word_1_287' title='bbox 1867 1959 1907 1994; x_wconf 92' lang='lat' dir='ltr'><strong>et</strong></span> <span class='ocrx_word' id='word_1_288' title='bbox 1934 1955 2123 2007; x_wconf 87' lang='lat' dir='ltr'><strong>Blegsum</strong></span> <span class='ocrx_word' id='word_1_289' title='bbox 2153 1955 2270 1994; x_wconf 89' lang='lat' dir='ltr'><strong>Erico</strong></span> 
     </span>
     <span class='ocr_line' id='line_1_28' title="bbox 70 2021 2270 2078; baseline 0.001 -17"><span class='ocrx_word' id='word_1_290' title='bbox 70 2021 193 2062; x_wconf 89' lang='lat' dir='ltr'><strong>Riind</strong></span> <span class='ocrx_word' id='word_1_291' title='bbox 231 2027 398 2063; x_wconf 92' lang='lat' dir='ltr'><strong>“omnes</strong></span> <span class='ocrx_word' id='word_1_292' title='bbox 437 2027 585 2071; x_wconf 87' lang='lat' dir='ltr'><strong>terras,</strong></span> <span class='ocrx_word' id='word_1_293' title='bbox 629 2025 666 2063; x_wconf 92' lang='lat' dir='ltr'><strong>in</strong></span> <span class='ocrx_word' id='word_1_294' title='bbox 706 2024 850 2078; x_wconf 87' lang='lat' dir='ltr'><strong>quibus</strong></span> <span class='ocrx_word' id='word_1_295' title='bbox 890 2024 1120 2063; x_wconf 85' lang='lat' dir='ltr'><strong>fortalicium</strong></span> <span class='ocrx_word' id='word_1_296' title='bbox 1158 2023 1337 2076; x_wconf 87' lang='lat' dir='ltr'><strong>ejusdem</strong></span> <span class='ocrx_word' id='word_1_297' title='bbox 1367 2023 1474 2062; x_wconf 88' lang='lat' dir='ltr'><strong>Erici</strong></span> <span class='ocrx_word' id='word_1_298' title='bbox 1512 2025 1549 2062; x_wconf 92' lang='lat' dir='ltr'><strong>in</strong></span> <span class='ocrx_word' id='word_1_299' title='bbox 1578 2023 1657 2063; x_wconf 72' lang='lat' dir='ltr'><strong>Far</strong></span> <span class='ocrx_word' id='word_1_300' title='bbox 1687 2024 1888 2064; x_wconf 88' lang='lat' dir='ltr'><strong>fundatum</strong></span> <span class='ocrx_word' id='word_1_301' title='bbox 1926 2030 2006 2072; x_wconf 86' lang='lat' dir='ltr'><strong>est,</strong></span> <span class='ocrx_word' id='word_1_302' title='bbox 2051 2025 2201 2065; x_wconf 79' lang='lat' dir='ltr'><strong>fossata</strong></span> <span class='ocrx_word' id='word_1_303' title='bbox 2231 2030 2270 2064; x_wconf 90' lang='lat' dir='ltr'><strong>ct</strong></span> 
     </span>
     <span class='ocr_line' id='line_1_29' title="bbox 69 2093 2268 2147; baseline 0 -14"><span class='ocrx_word' id='word_1_304' title='bbox 69 2106 194 2146; x_wconf 82' lang='lat' dir='ltr'><strong>aquas</strong></span> <span class='ocrx_word' id='word_1_305' title='bbox 223 2107 269 2133; x_wconf 88' lang='lat' dir='ltr'><strong>ac</strong></span> <span class='ocrx_word' id='word_1_306' title='bbox 298 2094 400 2132; x_wconf 90' lang='lat' dir='ltr'><strong>viam</strong></span> <span class='ocrx_word' id='word_1_307' title='bbox 430 2094 481 2132; x_wconf 85' lang='lat' dir='ltr'><strong>ad</strong></span> <span class='ocrx_word' id='word_1_308' title='bbox 511 2095 614 2134; x_wconf 90' lang='lat' dir='ltr'><strong>idem</strong></span> <span class='ocrx_word' id='word_1_309' title='bbox 646 2095 869 2133; x_wconf 82' lang='lat' dir='ltr'><strong>fortalitium</strong></span> <span class='ocrx_word' id='word_1_310' title='bbox 900 2098 940 2133; x_wconf 91' lang='lat' dir='ltr'><strong>ct</strong></span> <span class='ocrx_word' id='word_1_311' title='bbox 968 2094 1016 2133; x_wconf 95' lang='lat' dir='ltr'><strong>de</strong></span> <span class='ocrx_word' id='word_1_312' title='bbox 1046 2093 1204 2139; x_wconf 91' lang='lat' dir='ltr'><strong>eodem,</strong></span> <span class='ocrx_word' id='word_1_313' title='bbox 1234 2107 1305 2132; x_wconf 88' lang='lat' dir='ltr'><strong>nec</strong></span> <span class='ocrx_word' id='word_1_314' title='bbox 1334 2107 1410 2132; x_wconf 89' lang='lat' dir='ltr'><strong>non</strong></span> <span class='ocrx_word' id='word_1_315' title='bbox 1440 2097 1480 2132; x_wconf 90' lang='lat' dir='ltr'><strong>et</strong></span> <span class='ocrx_word' id='word_1_316' title='bbox 1508 2097 1651 2139; x_wconf 83' lang='lat' dir='ltr'><strong>terras,</strong></span> <span class='ocrx_word' id='word_1_317' title='bbox 1688 2095 1724 2131; x_wconf 91' lang='lat' dir='ltr'><strong>in</strong></span> <span class='ocrx_word' id='word_1_318' title='bbox 1755 2094 1899 2147; x_wconf 84' lang='lat' dir='ltr'><strong>quibus</strong></span> <span class='ocrx_word' id='word_1_319' title='bbox 1927 2096 2034 2134; x_wconf 89' lang='lat' dir='ltr'><strong>curia</strong></span> <span class='ocrx_word' id='word_1_320' title='bbox 2063 2108 2134 2133; x_wconf 89' lang='lat' dir='ltr'><strong>sua</strong></span> <span class='ocrx_word' id='word_1_321' title='bbox 2165 2095 2268 2133; x_wconf 79' lang='lat' dir='ltr'><strong>dicta</strong></span> 
     </span>
    </p>
   </div>
   <div class='ocr_carea' id='block_1_7' title="bbox 65 2162 2501 2954">
    <p class='ocr_par' dir='ltr' id='par_1_8' title="bbox 65 2162 2501 2954">
     <span class='ocr_line' id='line_1_30' title="bbox 68 2162 2267 2216; baseline 0 -14"><span class='ocrx_word' id='word_1_322' title='bbox 68 2162 286 2216; x_wconf 86' lang='lat' dir='ltr'><strong>Latbgartb</strong></span> <span class='ocrx_word' id='word_1_323' title='bbox 303 2165 378 2203; x_wconf 90' lang='lat' dir='ltr'><strong>sita</strong></span> <span class='ocrx_word' id='word_1_324' title='bbox 397 2165 499 2212; x_wconf 90' lang='lat' dir='ltr'><strong>est”,</strong></span> <span class='ocrx_word' id='word_1_325' title='bbox 522 2164 756 2204; x_wconf 88' lang='lat' dir='ltr'><strong>vendidisse</strong></span> <span class='ocrx_word' id='word_1_326' title='bbox 774 2169 812 2203; x_wconf 88' lang='lat' dir='ltr'><strong>et</strong></span> <span class='ocrx_word' id='word_1_327' title='bbox 833 2168 1029 2204; x_wconf 87' lang='lat' dir='ltr'><strong>scotasse.</strong></span> <span class='ocrx_word' id='word_1_328' title='bbox 1055 2185 1103 2192; x_wconf 93' lang='lat'><strong>--</strong></span> <span class='ocrx_word' id='word_1_329' title='bbox 1127 2163 1334 2202; x_wconf 87' lang='lat' dir='ltr'><strong>Dominica</strong></span> <span class='ocrx_word' id='word_1_330' title='bbox 1356 2164 1531 2214; x_wconf 78' lang='lat' dir='ltr'><strong>proxima</strong></span> <span class='ocrx_word' id='word_1_331' title='bbox 1554 2167 1649 2216; x_wconf 89' lang='lat' dir='ltr'><strong>post</strong></span> <span class='ocrx_word' id='word_1_332' title='bbox 1671 2163 1815 2202; x_wconf 84' lang='lat' dir='ltr'><strong>festum</strong></span> <span class='ocrx_word' id='word_1_333' title='bbox 1839 2166 2009 2203; x_wconf 92' lang='lat' dir='ltr'><strong>omnium</strong></span> <span class='ocrx_word' id='word_1_334' title='bbox 2033 2169 2267 2204; x_wconf 89' lang='lat' dir='ltr'><strong>sanctorum.</strong></span> 
     </span>
     <span class='ocr_line' id='line_1_31' title="bbox 463 2231 1539 2276; baseline -0.002 -9"><span class='ocrx_word' id='word_1_335' title='bbox 463 2234 653 2268; x_wconf 73' lang='lat' dir='ltr'><strong>Mic-helsen</strong></span> <span class='ocrx_word' id='word_1_336' title='bbox 678 2234 939 2268; x_wconf 75' lang='lat' dir='ltr'><strong>Nordfriesland</strong></span> <span class='ocrx_word' id='word_1_337' title='bbox 962 2245 993 2276; x_wconf 86' lang='lat' dir='ltr'><strong>p.</strong></span> <span class='ocrx_word' id='word_1_338' title='bbox 1022 2232 1186 2266; x_wconf 73' lang='lat'><strong>193—9-1.</strong></span> <span class='ocrx_word' id='word_1_339' title='bbox 1215 2232 1278 2265; x_wconf 76' lang='lat' dir='ltr'><strong>cfr.</strong></span> <span class='ocrx_word' id='word_1_340' title='bbox 1303 2231 1382 2264; x_wconf 86' lang='lat' dir='ltr'><strong>ibid.</strong></span> <span class='ocrx_word' id='word_1_341' title='bbox 1408 2243 1438 2274; x_wconf 89' lang='lat' dir='ltr'><strong>p.</strong></span> <span class='ocrx_word' id='word_1_342' title='bbox 1461 2232 1539 2265; x_wconf 69' lang='lat'><strong>284.</strong></span> 
     </span>
     <span class='ocr_line' id='line_1_32' title="bbox 330 2292 2501 2348; baseline 0 -13"><span class='ocrx_word' id='word_1_343' title='bbox 330 2295 486 2345; x_wconf 63' lang='lat'>[2458]</span> <span class='ocrx_word' id='word_1_344' title='bbox 546 2296 842 2336; x_wconf 87' lang='lat' dir='ltr'><strong>Testamentum</strong></span> <span class='ocrx_word' id='word_1_345' title='bbox 872 2295 1045 2334; x_wconf 59' lang='lat' dir='ltr'><strong>Kanum</strong></span> <span class='ocrx_word' id='word_1_346' title='bbox 1076 2294 1277 2333; x_wconf 56' lang='lat' dir='ltr'><strong>Jiinssow.</strong></span> <span class='ocrx_word' id='word_1_347' title='bbox 1305 2315 1356 2322; x_wconf 89' lang='lat'><em>-</em></span> <span class='ocrx_word' id='word_1_348' title='bbox 1387 2292 1568 2332; x_wconf 84' lang='lat' dir='ltr'><strong>Crastino</strong></span> <span class='ocrx_word' id='word_1_349' title='bbox 1597 2293 1635 2332; x_wconf 91' lang='lat' dir='ltr'><strong>b.</strong></span> <span class='ocrx_word' id='word_1_350' title='bbox 1664 2293 1822 2333; x_wconf 87' lang='lat' dir='ltr'><strong>Martini</strong></span> <span class='ocrx_word' id='word_1_351' title='bbox 1852 2295 2043 2348; x_wconf 88' lang='lat' dir='ltr'><strong>episcopi.</strong></span> <span class='ocrx_word' id='word_1_352' title='bbox 2296 2303 2346 2336; x_wconf 80' lang='lat'><strong>12.</strong></span> <span class='ocrx_word' id='word_1_353' title='bbox 2381 2304 2501 2336; x_wconf 72' lang='lat' dir='ltr'><strong>Nox-br.</strong></span> 
     </span>
     <span class='ocr_line' id='line_1_33' title="bbox 461 2366 1000 2409; baseline -0.004 -10"><span class='ocrx_word' id='word_1_354' title='bbox 461 2367 648 2408; x_wconf 81' lang='lat' dir='ltr'><strong>Langebek</strong></span> <span class='ocrx_word' id='word_1_355' title='bbox 673 2367 809 2409; x_wconf 63' lang='lat' dir='ltr'><strong>Sci-ipit.</strong></span> <span class='ocrx_word' id='word_1_356' title='bbox 834 2367 896 2398; x_wconf 89' lang='lat' dir='ltr'><strong>VI.</strong></span> <span class='ocrx_word' id='word_1_357' title='bbox 922 2366 1000 2397; x_wconf 91' lang='grc'><strong>500.</strong></span> 
     </span>
     <span class='ocr_line' id='line_1_34' title="bbox 305 2423 2499 2481; baseline -0.001 -14"><span class='ocrx_word' id='word_1_358' title='bbox 305 2442 307 2444; x_wconf 93' lang='grc'><em>·</em></span> <span class='ocrx_word' id='word_1_359' title='bbox 329 2428 486 2476; x_wconf 66' lang='lat'>[2459]</span> <span class='ocrx_word' id='word_1_360' title='bbox 543 2428 782 2475; x_wconf 72' lang='lat' dir='ltr'><strong>Notificatio‚</strong></span> <span class='ocrx_word' id='word_1_361' title='bbox 818 2440 895 2481; x_wconf 88' lang='lat' dir='ltr'><strong>qua</strong></span> <span class='ocrx_word' id='word_1_362' title='bbox 918 2426 1143 2466; x_wconf 67' lang='lat' dir='ltr'><strong>Jonmvnns</strong></span> <span class='ocrx_word' id='word_1_363' title='bbox 1161 2423 1502 2471; x_wconf 64' lang='lat' dir='ltr'><strong>Hmmwzmm„</strong></span> <span class='ocrx_word' id='word_1_364' title='bbox 1537 2423 1830 2473; x_wconf 56' lang='lat' dir='ltr'><strong>memnonos</strong></span> <span class='ocrx_word' id='word_1_365' title='bbox 1853 2424 2004 2464; x_wconf 67' lang='lat' dir='ltr'><strong>Mozna</strong></span> <span class='ocrx_word' id='word_1_366' title='bbox 2030 2430 2069 2464; x_wconf 91' lang='lat' dir='ltr'><strong>et</strong></span> <span class='ocrx_word' id='word_1_367' title='bbox 2090 2425 2265 2464; x_wconf 56' lang='lat' dir='ltr'><strong>Nonne</strong></span> <span class='ocrx_word' id='word_1_368' title='bbox 2291 2430 2347 2462; x_wconf 82' lang='grc'><strong>28.</strong></span> <span class='ocrx_word' id='word_1_369' title='bbox 2373 2431 2499 2465; x_wconf 64' lang='lat' dir='ltr'><strong>Novbr.</strong></span> 
     </span>
     <span class='ocr_line' id='line_1_35' title="bbox 65 2494 2264 2548; baseline -0.001 -12"><span class='ocrx_word' id='word_1_370' title='bbox 65 2495 256 2537; x_wconf 71' lang='lat' dir='ltr'><strong>BAnonnr</strong></span> <span class='ocrx_word' id='word_1_371' title='bbox 276 2497 461 2545; x_wconf 86' lang='lat' dir='ltr'><strong>indicant,</strong></span> <span class='ocrx_word' id='word_1_372' title='bbox 477 2513 523 2537; x_wconf 87' lang='lat' dir='ltr'><strong>se</strong></span> <span class='ocrx_word' id='word_1_373' title='bbox 540 2513 626 2538; x_wconf 89' lang='lat' dir='ltr'><strong>cum</strong></span> <span class='ocrx_word' id='word_1_374' title='bbox 645 2499 784 2537; x_wconf 89' lang='lat' dir='ltr'><strong>amicis</strong></span> <span class='ocrx_word' id='word_1_375' title='bbox 801 2498 887 2536; x_wconf 86' lang='lat' dir='ltr'><strong>suis</strong></span> <span class='ocrx_word' id='word_1_376' title='bbox 903 2500 942 2535; x_wconf 95' lang='lat' dir='ltr'><strong>et</strong></span> <span class='ocrx_word' id='word_1_377' title='bbox 958 2495 1110 2535; x_wconf 87' lang='lat' dir='ltr'><strong>famulis</strong></span> <span class='ocrx_word' id='word_1_378' title='bbox 1127 2496 1305 2546; x_wconf 86' lang='lat' dir='ltr'><strong>(quorum</strong></span> <span class='ocrx_word' id='word_1_379' title='bbox 1323 2497 1473 2546; x_wconf 90' lang='lat' dir='ltr'><strong>septem</strong></span> <span class='ocrx_word' id='word_1_380' title='bbox 1492 2494 1717 2532; x_wconf 86' lang='lat' dir='ltr'><strong>nominatim</strong></span> <span class='ocrx_word' id='word_1_381' title='bbox 1734 2498 2018 2545; x_wconf 85' lang='lat' dir='ltr'><strong>enumerantur)</strong></span> <span class='ocrx_word' id='word_1_382' title='bbox 2028 2495 2264 2548; x_wconf 79' lang='lat' dir='ltr'><strong>stipendium</strong></span> 
     </span>
     <span class='ocr_line' id='line_1_36' title="bbox 65 2562 2262 2618; baseline -0.001 -12"><span class='ocrx_word' id='word_1_383' title='bbox 65 2581 153 2607; x_wconf 87' lang='lat' dir='ltr'><strong>cum</strong></span> <span class='ocrx_word' id='word_1_384' title='bbox 168 2567 560 2608; x_wconf 83' lang='lat' dir='ltr'><strong>Rozstockiensibus</strong></span> <span class='ocrx_word' id='word_1_385' title='bbox 575 2569 768 2608; x_wconf 85' lang='lat' dir='ltr'><strong>adversus</strong></span> <span class='ocrx_word' id='word_1_386' title='bbox 784 2580 912 2618; x_wconf 83' lang='lat' dir='ltr'><strong>regem</strong></span> <span class='ocrx_word' id='word_1_387' title='bbox 929 2565 1125 2604; x_wconf 83' lang='lat' dir='ltr'><strong>Danorum</strong></span> <span class='ocrx_word' id='word_1_388' title='bbox 1143 2564 1302 2602; x_wconf 88' lang='lat' dir='ltr'><strong>secisse.</strong></span> <span class='ocrx_word' id='word_1_389' title='bbox 1319 2585 1367 2592; x_wconf 80' lang='lat'>—</span> <span class='ocrx_word' id='word_1_390' title='bbox 1385 2562 1578 2609; x_wconf 45' lang='lat' dir='ltr'><strong>leot-took,</strong></span> <span class='ocrx_word' id='word_1_391' title='bbox 1602 2563 1712 2601; x_wconf 85' lang='lat' dir='ltr'><strong>sabb.</strong></span> <span class='ocrx_word' id='word_1_392' title='bbox 1731 2578 1838 2616; x_wconf 78' lang='lat' dir='ltr'><strong>prox.</strong></span> <span class='ocrx_word' id='word_1_393' title='bbox 1856 2569 1945 2602; x_wconf 88' lang='lat' dir='ltr'><strong>ante</strong></span> <span class='ocrx_word' id='word_1_394' title='bbox 1961 2564 2063 2603; x_wconf 86' lang='lat' dir='ltr'><strong>diem</strong></span> <span class='ocrx_word' id='word_1_395' title='bbox 2085 2564 2262 2607; x_wconf 69' lang='lat' dir='ltr'><strong>Andreae.</strong></span> 
     </span>
     <span class='ocr_line' id='line_1_37' title="bbox 461 2632 1607 2675; baseline -0.007 -4"><span class='ocrx_word' id='word_1_396' title='bbox 461 2639 628 2671; x_wconf 80' lang='lat' dir='ltr'><strong>Rostock.</strong></span> <span class='ocrx_word' id='word_1_397' title='bbox 653 2637 832 2670; x_wconf 68' lang='lat' dir='ltr'><strong>wilcbentl.</strong></span> <span class='ocrx_word' id='word_1_398' title='bbox 858 2635 1083 2668; x_wconf 81' lang='lat' dir='ltr'><strong>Nacbricbten</strong></span> <span class='ocrx_word' id='word_1_399' title='bbox 1111 2634 1207 2666; x_wconf 70' lang='lat'><strong>1754.</strong></span> <span class='ocrx_word' id='word_1_400' title='bbox 1234 2644 1264 2675; x_wconf 89' lang='lat' dir='ltr'><strong>p.</strong></span> <span class='ocrx_word' id='word_1_401' title='bbox 1288 2632 1435 2664; x_wconf 76' lang='lat'><strong>54—55.</strong></span> <span class='ocrx_word' id='word_1_402' title='bbox 1461 2633 1607 2664; x_wconf 83' lang='lat'><strong>57-58,</strong></span> 
     </span>
     <span class='ocr_line' id='line_1_38' title="bbox 327 2692 2494 2751; baseline -0.004 -12"><span class='ocrx_word' id='word_1_403' title='bbox 327 2699 482 2749; x_wconf 68' lang='lat'>[2460]</span> <span class='ocrx_word' id='word_1_404' title='bbox 542 2700 795 2751; x_wconf 85' lang='lat' dir='ltr'><strong>Privilegium</strong></span> <span class='ocrx_word' id='word_1_405' title='bbox 838 2698 1107 2737; x_wconf 68' lang='lat' dir='ltr'><strong>WAanmm</strong></span> <span class='ocrx_word' id='word_1_406' title='bbox 1151 2695 1275 2746; x_wconf 87' lang='lat' dir='ltr'><strong>regis,</strong></span> <span class='ocrx_word' id='word_1_407' title='bbox 1326 2692 1479 2732; x_wconf 86' lang='lat' dir='ltr'><strong>civibus</strong></span> <span class='ocrx_word' id='word_1_408' title='bbox 1522 2693 1876 2745; x_wconf 83' lang='lat' dir='ltr'><strong>Malmogiensibus</strong></span> <span class='ocrx_word' id='word_1_409' title='bbox 1918 2708 2165 2734; x_wconf 85' lang='lat' dir='ltr'><strong>concessum.</strong></span> <span class='ocrx_word' id='word_1_410' title='bbox 2211 2717 2259 2724; x_wconf 87' lang='lat'><strong>—-</strong></span> <span class='ocrx_word' id='word_1_411' title='bbox 2285 2705 2340 2737; x_wconf 77' lang='lat'><strong>23,</strong></span> <span class='ocrx_word' id='word_1_412' title='bbox 2376 2706 2494 2738; x_wconf 70' lang='lat' dir='ltr'><strong>Det-br.</strong></span> 
     </span>
     <span class='ocr_line' id='line_1_39' title="bbox 65 2764 2259 2823; baseline -0.003 -14"><span class='ocrx_word' id='word_1_413' title='bbox 65 2768 248 2818; x_wconf 71' lang='lat' dir='ltr'><strong>Laudis,</strong></span> <span class='ocrx_word' id='word_1_414' title='bbox 278 2769 374 2809; x_wconf 81' lang='lat' dir='ltr'><strong>seria</strong></span> <span class='ocrx_word' id='word_1_415' title='bbox 404 2773 540 2823; x_wconf 86' lang='lat' dir='ltr'><strong>quarta</strong></span> <span class='ocrx_word' id='word_1_416' title='bbox 571 2774 661 2808; x_wconf 85' lang='lat' dir='ltr'><strong>ante</strong></span> <span class='ocrx_word' id='word_1_417' title='bbox 692 2769 809 2808; x_wconf 85' lang='lat' dir='ltr'><strong>natal.</strong></span> <span class='ocrx_word' id='word_1_418' title='bbox 839 2768 998 2806; x_wconf 89' lang='lat' dir='ltr'><strong>domini.</strong></span> <span class='ocrx_word' id='word_1_419' title='bbox 1927 2764 2032 2812; x_wconf 84' lang='lat' dir='ltr'><strong>(Lat.</strong></span> <span class='ocrx_word' id='word_1_420' title='bbox 2062 2769 2101 2804; x_wconf 93' lang='lat' dir='ltr'><strong>et</strong></span> <span class='ocrx_word' id='word_1_421' title='bbox 2128 2765 2259 2815; x_wconf 89' lang='lat' dir='ltr'><strong>Dan.).</strong></span> 
     </span>
     <span class='ocr_line' id='line_1_40' title="bbox 457 2832 1647 2882; baseline -0.007 -9"><span class='ocrx_word' id='word_1_422' title='bbox 457 2837 869 2882; x_wconf 79' lang='lat' dir='ltr'><strong>Kolderup-Rosenvinge</strong></span> <span class='ocrx_word' id='word_1_423' title='bbox 893 2835 999 2868; x_wconf 68' lang='lat' dir='ltr'><strong>Saml.</strong></span> <span class='ocrx_word' id='word_1_424' title='bbox 1025 2835 1064 2867; x_wconf 83' lang='lat' dir='ltr'><strong>at’</strong></span> <span class='ocrx_word' id='word_1_425' title='bbox 1083 2834 1129 2876; x_wconf 81' lang='lat' dir='ltr'><strong>gl.</strong></span> <span class='ocrx_word' id='word_1_426' title='bbox 1155 2833 1286 2866; x_wconf 75' lang='lat' dir='ltr'><strong>dnnske</strong></span> <span class='ocrx_word' id='word_1_427' title='bbox 1311 2834 1406 2866; x_wconf 86' lang='lat' dir='ltr'><strong>Love</strong></span> <span class='ocrx_word' id='word_1_428' title='bbox 1431 2834 1475 2866; x_wconf 80' lang='lat' dir='ltr'><strong>V.</strong></span> <span class='ocrx_word' id='word_1_429' title='bbox 1501 2832 1647 2865; x_wconf 82' lang='lat'><strong>70—83.</strong></span> 
     </span>
     <span class='ocr_line' id='line_1_41' title="bbox 327 2892 2259 2954; baseline -0.004 -13"><span class='ocrx_word' id='word_1_430' title='bbox 327 2902 483 2950; x_wconf 61' lang='lat'>[2461]</span> <span class='ocrx_word' id='word_1_431' title='bbox 540 2901 775 2954; x_wconf 84' lang='lat' dir='ltr'><strong>Exemplum</strong></span> <span class='ocrx_word' id='word_1_432' title='bbox 804 2898 1117 2952; x_wconf 82' lang='lat' dir='ltr'><strong>privilegiorum,</strong></span> <span class='ocrx_word' id='word_1_433' title='bbox 1160 2909 1181 2934; x_wconf 93' lang='lat' dir='ltr'><strong>a</strong></span> <span class='ocrx_word' id='word_1_434' title='bbox 1211 2895 1494 2934; x_wconf 58' lang='lat' dir='ltr'><strong>Wunmno</strong></span> <span class='ocrx_word' id='word_1_435' title='bbox 1525 2893 1724 2932; x_wconf 83' lang='lat' dir='ltr'><strong>Danorum</strong></span> <span class='ocrx_word' id='word_1_436' title='bbox 1755 2907 1844 2944; x_wconf 84' lang='lat' dir='ltr'><strong>rege</strong></span> <span class='ocrx_word' id='word_1_437' title='bbox 1873 2892 2133 2945; x_wconf 77' lang='lat' dir='ltr'><strong>burgensibus</strong></span> <span class='ocrx_word' id='word_1_438' title='bbox 2168 2897 2259 2934; x_wconf 84' lang='lat' dir='ltr'><strong>civi-</strong></span> 
     </span>
    </p>
   </div>
   <div class='ocr_carea' id='block_1_8' title="bbox 65 2962 2257 3023">
    <p class='ocr_par' dir='ltr' id='par_1_9' title="bbox 65 2962 2257 3023">
     <span class='ocr_line' id='line_1_42' title="bbox 65 2962 2257 3023; baseline -0.003 -13"><span class='ocrx_word' id='word_1_439' title='bbox 65 2975 187 3010; x_wconf 87' lang='lat' dir='ltr'><strong>tatum</strong></span> <span class='ocrx_word' id='word_1_440' title='bbox 215 2970 402 3020; x_wconf 85' lang='lat' dir='ltr'><strong>Lubeke,</strong></span> <span class='ocrx_word' id='word_1_441' title='bbox 444 2972 655 3023; x_wconf 49' lang='lat' dir='ltr'><strong>VVysmess</strong></span> <span class='ocrx_word' id='word_1_442' title='bbox 698 2967 924 3013; x_wconf 89' lang='lat' dir='ltr'><strong>Rozstocb,</strong></span> <span class='ocrx_word' id='word_1_443' title='bbox 967 2964 1223 3005; x_wconf 89' lang='lat' dir='ltr'><strong>Stralessund</strong></span> <span class='ocrx_word' id='word_1_444' title='bbox 1261 2968 1301 3003; x_wconf 91' lang='lat' dir='ltr'><strong>et</strong></span> <span class='ocrx_word' id='word_1_445' title='bbox 1338 2962 1624 3016; x_wconf 75' lang='lat' dir='ltr'><strong>Grypeswoffl,</strong></span> <span class='ocrx_word' id='word_1_446' title='bbox 1666 2963 1861 3010; x_wconf 88' lang='lat' dir='ltr'><strong>datorum,</strong></span> <span class='ocrx_word' id='word_1_447' title='bbox 1905 2964 1981 3011; x_wconf 89' lang='lat' dir='ltr'><strong>(vel</strong></span> <span class='ocrx_word' id='word_1_448' title='bbox 2010 2966 2144 3016; x_wconf 88' lang='lat' dir='ltr'><strong>potius</strong></span> <span class='ocrx_word' id='word_1_449' title='bbox 2174 2979 2257 3017; x_wconf 73' lang='lat' dir='ltr'><strong>qua:</strong></span> 
     </span>
    </p>
   </div>
   <div class='ocr_carea' id='block_1_9' title="bbox 63 3040 1869 3146">
    <p class='ocr_par' dir='ltr' id='par_1_10' title="bbox 63 3040 1869 3146">
     <span class='ocr_line' id='line_1_43' title="bbox 63 3040 958 3096; baseline -0.004 -17"><span class='ocrx_word' id='word_1_450' title='bbox 63 3041 246 3080; x_wconf 85' lang='lat' dir='ltr'><strong>civitates</strong></span> <span class='ocrx_word' id='word_1_451' title='bbox 274 3041 351 3081; x_wconf 85' lang='lat' dir='ltr'><strong>sibi</strong></span> <span class='ocrx_word' id='word_1_452' title='bbox 380 3041 611 3096; x_wconf 88' lang='lat' dir='ltr'><strong>optabant.).</strong></span> <span class='ocrx_word' id='word_1_453' title='bbox 640 3064 693 3070; x_wconf 91' lang='lat'>—</span> <span class='ocrx_word' id='word_1_454' title='bbox 722 3040 817 3078; x_wconf 88' lang='lat' dir='ltr'><strong>Sine</strong></span> <span class='ocrx_word' id='word_1_455' title='bbox 846 3051 958 3076; x_wconf 90' lang='lat' dir='ltr'><strong>anno.</strong></span> 
     </span>
     <span class='ocr_line' id='line_1_44' title="bbox 456 3102 1869 3146; baseline -0.006 -1"><span class='ocrx_word' id='word_1_456' title='bbox 456 3111 632 3144; x_wconf 70' lang='lat' dir='ltr'><strong>Sartorius</strong></span> <span class='ocrx_word' id='word_1_457' title='bbox 662 3110 787 3143; x_wconf 85' lang='lat' dir='ltr'><strong>Gescb.</strong></span> <span class='ocrx_word' id='word_1_458' title='bbox 812 3108 871 3140; x_wconf 86' lang='lat' dir='ltr'><strong>der</strong></span> <span class='ocrx_word' id='word_1_459' title='bbox 897 3108 1011 3138; x_wconf 73' lang='lat' dir='ltr'><strong>nanee</strong></span> <span class='ocrx_word' id='word_1_460' title='bbox 1035 3104 1086 3136; x_wconf 84' lang='lat' dir='ltr'><strong>ed.</strong></span> <span class='ocrx_word' id='word_1_461' title='bbox 1111 3103 1342 3146; x_wconf 82' lang='lat' dir='ltr'><strong>Lappenberg.</strong></span> <span class='ocrx_word' id='word_1_462' title='bbox 1368 3103 1412 3135; x_wconf 90' lang='lat' dir='ltr'><strong>II.</strong></span> <span class='ocrx_word' id='word_1_463' title='bbox 1437 3112 1491 3135; x_wconf 89' lang='lat' dir='ltr'><strong>no.</strong></span> <span class='ocrx_word' id='word_1_464' title='bbox 1516 3102 1618 3135; x_wconf 85' lang='lat' dir='ltr'><strong>CCII.</strong></span> <span class='ocrx_word' id='word_1_465' title='bbox 1645 3113 1675 3144; x_wconf 87' lang='lat' dir='ltr'><strong>p.</strong></span> <span class='ocrx_word' id='word_1_466' title='bbox 1700 3102 1869 3136; x_wconf 74' lang='lat'><strong>480—81.</strong></span> 
     </span>
    </p>
   </div>
   <div class='ocr_carea' id='block_1_10' title="bbox 321 3162 2254 3222">
    <p class='ocr_par' dir='ltr' id='par_1_11' title="bbox 321 3162 2254 3222">
     <span class='ocr_line' id='line_1_45' title="bbox 321 3162 2254 3222; baseline -0.004 -10"><span class='ocrx_word' id='word_1_467' title='bbox 321 3173 477 3222; x_wconf 62' lang='lat'>[2462]</span> <span class='ocrx_word' id='word_1_468' title='bbox 535 3173 800 3212; x_wconf 71' lang='lat' dir='ltr'><strong>VVAanmm</strong></span> <span class='ocrx_word' id='word_1_469' title='bbox 836 3169 1035 3208; x_wconf 86' lang='lat' dir='ltr'><strong>Danorum</strong></span> <span class='ocrx_word' id='word_1_470' title='bbox 1078 3166 1184 3216; x_wconf 87' lang='lat' dir='ltr'><strong>regie</strong></span> <span class='ocrx_word' id='word_1_471' title='bbox 1226 3164 1425 3217; x_wconf 88' lang='lat' dir='ltr'><strong>placitatio</strong></span> <span class='ocrx_word' id='word_1_472' title='bbox 1468 3177 1555 3202; x_wconf 89' lang='lat' dir='ltr'><strong>cum</strong></span> <span class='ocrx_word' id='word_1_473' title='bbox 1592 3162 1893 3204; x_wconf 52' lang='lat' dir='ltr'><strong>Lubecensibus</strong></span> <span class='ocrx_word' id='word_1_474' title='bbox 1935 3169 1975 3204; x_wconf 90' lang='lat' dir='ltr'><strong>et</strong></span> <span class='ocrx_word' id='word_1_475' title='bbox 2016 3166 2254 3205; x_wconf 85' lang='lat' dir='ltr'><strong>confirmatio</strong></span> 
     </span>
    </p>
   </div>
   <div class='ocr_carea' id='block_1_11' title="bbox 62 3235 1862 3348">
    <p class='ocr_par' dir='ltr' id='par_1_12' title="bbox 62 3235 1862 3348">
     <span class='ocr_line' id='line_1_46' title="bbox 62 3235 1303 3298; baseline -0.009 -16"><span class='ocrx_word' id='word_1_476' title='bbox 62 3244 233 3283; x_wconf 82' lang='lat' dir='ltr'><strong>omnium</strong></span> <span class='ocrx_word' id='word_1_477' title='bbox 262 3242 554 3298; x_wconf 87' lang='lat' dir='ltr'><strong>privilegiorum</strong></span> <span class='ocrx_word' id='word_1_478' title='bbox 583 3242 636 3281; x_wconf 86' lang='lat' dir='ltr'><strong>iis</strong></span> <span class='ocrx_word' id='word_1_479' title='bbox 664 3250 955 3280; x_wconf 85' lang='lat' dir='ltr'><strong>concessorum.</strong></span> <span class='ocrx_word' id='word_1_480' title='bbox 986 3256 1035 3263; x_wconf 92' lang='lat'>—</span> <span class='ocrx_word' id='word_1_481' title='bbox 1066 3235 1161 3273; x_wconf 88' lang='lat' dir='ltr'><strong>Sine</strong></span> <span class='ocrx_word' id='word_1_482' title='bbox 1190 3247 1303 3272; x_wconf 89' lang='lat' dir='ltr'><strong>anno.</strong></span> 
     </span>
     <span class='ocr_line' id='line_1_47' title="bbox 455 3302 1862 3348; baseline -0.007 -3"><span class='ocrx_word' id='word_1_483' title='bbox 455 3310 629 3345; x_wconf 79' lang='lat' dir='ltr'><strong>sartorius</strong></span> <span class='ocrx_word' id='word_1_484' title='bbox 656 3309 781 3344; x_wconf 85' lang='lat' dir='ltr'><strong>Gesch.</strong></span> <span class='ocrx_word' id='word_1_485' title='bbox 807 3309 865 3341; x_wconf 85' lang='lat' dir='ltr'><strong>der</strong></span> <span class='ocrx_word' id='word_1_486' title='bbox 889 3308 1002 3340; x_wconf 79' lang='lat' dir='ltr'><strong>lianse</strong></span> <span class='ocrx_word' id='word_1_487' title='bbox 1027 3304 1077 3338; x_wconf 82' lang='lat' dir='ltr'><strong>ed.</strong></span> <span class='ocrx_word' id='word_1_488' title='bbox 1103 3303 1334 3348; x_wconf 78' lang='lat' dir='ltr'><strong>Lappenberg.</strong></span> <span class='ocrx_word' id='word_1_489' title='bbox 1361 3303 1404 3336; x_wconf 93' lang='lat' dir='ltr'><strong>II.</strong></span> <span class='ocrx_word' id='word_1_490' title='bbox 1429 3312 1483 3336; x_wconf 87' lang='lat' dir='ltr'><strong>no.</strong></span> <span class='ocrx_word' id='word_1_491' title='bbox 1509 3302 1612 3336; x_wconf 86' lang='lat' dir='ltr'><strong>CCII.</strong></span> <span class='ocrx_word' id='word_1_492' title='bbox 1637 3313 1668 3347; x_wconf 87' lang='lat' dir='ltr'><strong>p.</strong></span> <span class='ocrx_word' id='word_1_493' title='bbox 1693 3303 1862 3338; x_wconf 77' lang='lat'><strong>481-82.</strong></span> 
     </span>
    </p>
   </div>
   <div class='ocr_carea' id='block_1_12' title="bbox 1920 3368 1993 3408">
    <p class='ocr_par' dir='ltr' id='par_1_13' title="bbox 1920 3368 1993 3408">
     <span class='ocr_line' id='line_1_48' title="bbox 1920 3368 1993 3408; baseline 0 0"><span class='ocrx_word' id='word_1_494' title='bbox 1920 3368 1993 3408; x_wconf 72' lang='lat'><strong>37*</strong></span> 
     </span>
    </p>
   </div>
  </div>
 </body>
</html>
