2649 3686
120 320 238 362 1328.

83 390 138 425 29.
173 390 269 424 Julii.

52 604 104 637 12.
125 603 287 646 Augusti.

86 862 116 895 1.
140 861 271 906 Septbr.

51 1224 80 1246 e.
109 1214 137 1245 1.
163 1212 285 1246 Novbr.

74 1692 124 1724 12.
157 1692 281 1726 Novbr.

128 2902 241 2942 1329.

71 2986 125 3019 28.
153 2987 294 3018 Januar.

307 150 405 199 246
663 148 819 198 KoNG
854 146 1196 197 Cnms'roFFER
1232 156 1329 189 DEN
1362 138 1565 187 Arx-max.
1639 137 1962 202 (VALDEMAR
1997 136 2269 201 EmKsEx).

571 322 717 375 [2048]
776 321 881 361 Grev
908 319 1060 359 Johans
1090 316 1134 355 as
1157 313 1347 353 Holsteen
1378 324 1429 362 og
1458 310 1660 348 Stormarn
1689 308 1949 347 Bekraestelse
1977 321 2053 360 paa
2076 309 2151 348 alle
2177 309 2226 349 de
2247 310 2523 353 Rostockerne

310 392 354 433 as
385 393 608 433 Danmarks
641 391 802 443 Konger
836 388 1056 429 meddeelte
1092 383 1341 432 Privilegier,
1386 379 1657 430 fornemmelig
1690 377 1809 430 Kong
1847 377 2117 417 Christoffers.
2162 401 2212 407 —
2257 379 2522 431 Stafsdenor-

309 464 438 503 sande
465 464 580 513 (sic),
610 461 813 512 Fredagen
844 459 942 498 ester
971 457 1030 495 St.
1059 451 1207 493 Jacobs
1235 451 1336 502 Dag.
2269 448 2523 503 (Plattydsk)‚

703 530 868 564 Rostock.
893 525 1073 559 wochentl.
1097 522 1226 555 Nachr.
1256 519 1354 551 1753.
1379 529 1411 561 p.
1439 517 1608 550 165—66.
2215 522 2217 527 ‚

575 592 730 642 [2049]
787 590 1060 628 XVAanmm
1093 584 1291 622 Danorum
1328 580 1432 631 regis
1460 579 1582 617 literae
1621 578 1720 617 salvi
1752 578 1994 626 conductus,
2037 579 2192 618 civibus
2221 579 2525 622 Rostockiensi·

310 665 387 706 bus
419 665 517 703 datae
547 662 624 701 “ad
654 659 847 700 nundinas
878 660 1035 696 nostras
1065 652 1243 691 Skanore
1273 649 1477 696 veniendi,
1522 648 1670 687 ibidem
1707 648 1839 687 standi
1876 662 1923 688 ac
1959 649 2186 701 negotiandi
2221 654 2262 689 et
2290 650 2341 690 ad
2368 653 2525 705 propria

312 734 521 780 redeundi,
551 746 651 771 anno
677 732 759 783 jam
790 725 998 767 instante’'.
1028 745 1077 751 —
1111 720 1351 767 Slaulosz'ce,
1382 718 1480 757 feria
1511 722 1624 758 sexta
1656 721 1747 757 ante
1778 720 2067 758 assumtionem
2096 719 2245 758 Mariae.

702 797 885 839 Ungnaden
909 792 1077 827 Amoenit.
1102 790 1250 833 Diplom.
1276 800 1308 832 p.
1333 787 1506 821 367—68.
1554 788 1808 821 Rostockische
1832 789 2014 822 wochentl.
2035 789 2165 822 Nachr.
2191 789 2288 822 1753.
2309 789 2525 833 p.161—62.

571 860 725 911 [2050.]
782 859 937 897 „heom
976 853 1158 906 episcopi
1196 851 1391 903 Ripensis
1427 850 1568 897 literae,
1620 849 1765 903 quihus
1802 852 2000 890 universis
2036 865 2105 904 per
2143 851 2360 890 dioecesim
2397 853 2526 905 ipsius

311 935 540 975 constitutis
569 936 701 970 notum
731 929 844 973 facit,
872 940 917 965 se
947 924 1147 962 “dominis
1175 921 1348 960 Henrico
1379 919 1511 959 abbati
1542 923 1582 959 et
1609 920 1815 959 monachis
1852 935 1925 960 seu
1954 923 2163 960 conventui
2192 921 2293 960 Loci
2321 921 2397 961 Dei
2426 922 2526 962 hanc

308 1006 472 1057 gratiam
510 1002 656 1041 secisse
694 997 926 1051 specialem,
969 998 1013 1033 ut
1056 992 1178 1032 villici
1227 992 1290 1030 sui
1337 995 1378 1030 et
1414 990 1544 1029 coloni
1583 1003 1703 1043 super
1738 991 1872 1030 causis
1912 990 2209 1044 Helliybrbbde
2245 1006 2317 1044 per
2352 997 2526 1033 nostram

310 1073 525 1113 dioecesim
542 1070 633 1109 nulli
649 1066 887 1120 respondere
904 1063 1086 1110 debeant,
1102 1062 1176 1101 nisi
1194 1061 1352 1100 domino
1369 1059 1500 1099 abbati
1517 1061 1773 1100 memorat0''.
1791 1083 1840 1089 —
1857 1060 1991 1114 Ripis,
2010 1061 2073 1100 die
2088 1061 2192 1100 beati
2206 1061 2340 1114 Egidii
2357 1062 2526 1103 abbatis,

699 1136 884 1178 Langebek
909 1133 1050 1177 Scriptt.
1077 1133 1175 1166 VIII.
1200 1131 1281 1164 222.

570 1199 723 1248 [2051]
781 1197 945 1242 Literae,
976 1194 1122 1248 quibus
1151 1197 1296 1232 “TOTA
1328 1205 1612 1232 UNIVERSH'AS
1639 1193 1995 1232 Ooswssnnnnnnr
2020 1206 2063 1232 ΙΝ
2089 1192 2207 1232 Ροὸιι
2233 1194 2527 1234 mammam&

309 1276 494 1318 testatur,
536 1270 767 1309 Arnfastum
797 1267 929 1306 Harne
959 1265 1037 1303 filio
1066 1263 1253 1303 Naffnoni
1285 1264 1540 1302 commisisse
1569 1277 1616 1302 ac
1644 1263 1878 1310 mandasse,
1922 1266 2150 1316 “quatenus
2188 1268 2336 1302 sortem
2364 1263 2527 1304 haeredi-

307 1345 422 1390 tatis,
467 1355 551 1394 quae
588 1341 624 1379 ei
668 1340 704 1378 in
744 1338 848 1376 curia
878 1335 1060 1381 Holbeck
1097 1336 1135 1373 in
1171 1334 1286 1373 Jucia
1324 1335 1361 1372 in
1405 1333 1767 1386 Hwyttingherret,
1811 1333 2000 1386 parochia
2040 1333 2156 1372 Otter
2192 1335 2291 1380 sita,
2334 1347 2381 1372 ex
2416 1339 2528 1387 parte

308 1414 442 1452 luroris
481 1425 586 1457 suae,
628 1407 874 1448 haereditario
910 1407 1000 1460 jure
1038 1403 1223 1451 debetur,
1267 1404 1426 1443 domino
1463 1403 1635 1443 Henrico
1672 1403 1804 1442 abbati
1841 1403 1888 1443 de
1917 1403 2072 1456 Liigum
2111 1407 2152 1442 et
2181 1417 2256 1442 suo
2286 1405 2528 1444 monasterio

306 1486 460 1522 scotare
499 1480 679 1526 deberet,
716 1479 806 1531 jure
843 1480 1037 1530 perpetuo
1071 1474 1402 1528 possidendam”.
1438 1496 1493 1502 --
1528 1473 1673 1512 Datum
1703 1487 1804 1512 anno
1836 1474 1983 1513 domini
2016 1472 2354 1521 MCCCXXVIII.
2385 1477 2529 1524 (nonne

306 1552 459 1606 legend.
489 1547 795 1592 MCCCXXV.
828 1548 914 1597 in?)
943 1547 1122 1599 proximo
1152 1545 1298 1598 placito
1328 1547 1418 1584 ante
1447 1544 1594 1584 festum
1624 1545 1797 1583 omnium
1827 1548 2067 1583 sanctorum.

693 1618 883 1660 Langebek
908 1615 1047 1659 Scriptt.
1074 1616 1173 1648 V111.
1189 1615 1280 1648 224.

566 1681 722 1731 [2052]
782 1679 1106 1719 Cnmsropnom
1142 1677 1343 1716 Danorum
1380 1677 1487 1729 regis
1522 1676 1664 1723 literae,
1709 1675 1855 1729 quibus
1885 1674 2061 1714 debitum
2091 1676 2225 1716 fratris
2255 1677 2318 1716 sui
2354 1681 2395 1717 et
2423 1682 2528 1718 ante-

304 1757 480 1795 cessoris
508 1755 615 1805 regis
642 1751 772 1797 Erici,
817 1753 985 1802 quatuor
1023 1748 1146 1787 millia
1184 1751 1224 1786 et
1259 1751 1459 1787 trecentas
1489 1759 1643 1785 marcas
1679 1745 1925 1784 denariorum
1957 1734 2214 1786 Slavicalium
2242 1751 2445 1801 acceptat,
2487 1751 2528 1787 et

306 1824 537 1865 consulibus
552 1819 918 1862 Rostockiensibus
943 1819 1099 1858 solvere
1120 1819 1327 1872 promittit,
1359 1821 1474 1856 “cum
1498 1817 1665 1869 primum
1690 1815 1765 1854 deo
1788 1815 1905 1855 nobis
1930 1815 2087 1855 favente
2111 1817 2147 1855 in
2171 1831 2332 1869 regnum
2349 1821 2527 1857 nostrum

305 1896 493 1935 fuerimus
516 1893 710 1933 reversuri
732 1895 772 1930 et
796 1890 845 1929 ad
869 1894 1017 1928 tantam
1042 1902 1170 1927 rerum
1192 1888 1490 1941 pervenerimus
1514 1886 1778 1925 facultatem”.
1802 1907 1856 1914 —
1877 1885 2074 1931 Rosmch,
2105 1888 2280 1926 crastino
2297 1887 2340 1927 S.
2356 1888 2527 1928 Martini.

697 1961 866 1994 Rostock.
898 1959 1081 1991 wochentl.
1105 1957 1339 1991 Nachrichten
1374 1957 1474 1989 1753.
1511 1967 1543 2000 p.
1572 1955 1741 1989 162—63.
1800 1955 1906 1989 Lisch
1930 1956 2289 1991 Urkunden-samml.
2313 1969 2377 1992 zur
2403 1959 2528 2001 Gesch·

697 2024 755 2055 des
782 2021 920 2055 Geschl.
943 2031 977 2053 v.
1003 2020 1183 2053 Maltzahn
1206 2021 1233 2053 Ι.
1259 2018 1431 2051 439-11.

565 2085 720 2133 [2053]
778 2084 940 2123 Henrici
970 2083 1129 2122 comitis
1160 2081 1429 2120 Swerinensis
1460 2085 1500 2119 et
1527 2080 1747 2119 JonAers
1788 2080 1948 2119 comitis
1983 2078 2177 2119 Holsatiae
2221 2084 2261 2120 et
2301 2081 2528 2123 Stormariae

305 2160 573 2208 terrarumque
600 2155 856 2200 LALANmAE,
885 2153 1120 2192 VALSTRIAE
1153 2155 1191 2190 et
1219 2150 1406 2190 YmmuAE
1435 2164 1586 2190 nomm
1612 2150 1664 2189 ad
1678 2149 1899 2189 Johannem
1925 2146 2154 2203 (XXfldum)
2177 2163 2319 2204 papam
2343 2152 2527 2205 epistola,

305 2227 354 2266 de
380 2226 678 2279 participatione
709 2225 852 2263 ducum
883 2223 1066 2263 Saxoniae
1098 2222 1136 2260 in
1166 2221 1361 2275 eligendis
1392 2221 1697 2274 imperatoribus
1728 2220 1961 2260 Germaniae.

697 2294 888 2327 Miehelsen
913 2292 1239 2326 Urkundensamml.
1265 2292 1309 2325 11.
1335 2292 1430 2326 LXI.
1456 2302 1487 2335 p.
1512 2290 1662 2324 68—69.

568 2356 722 2405 [2054]
780 2356 1058 2407 Fragmentum
1097 2353 1417 2392 declarationis'.
1441 2382 1452 2392 .
1473 2382 1482 2392 .
1509 2382 1518 2392 .
1545 2382 1554 2391 .
1590 2352 1832 2398 verdensis,
1866 2350 2017 2404 judicis
2055 2355 2095 2390 et
2133 2353 2426 2392 conservatoris
2461 2352 2527 2392 Jo-

306 2428 447 2467 hannis
486 2428 663 2480 episcopi
699 2425 971 2466 Zwerinensis
982 2451 1170 2469 ......
1213 2423 1380 2462 rectoris
1419 2423 1598 2462 ecclesiae
1637 2424 1675 2461 in
1715 2420 1955 2475 Gripiswald
1993 2424 2032 2460 et
2068 2419 2182 2460 Pauli
2227 2422 2452 2475 presbyteri
2490 2424 2529 2462 in

307 2498 456 2537 Sundis
486 2497 534 2536 de
564 2497 750 2536 citatione
781 2500 954 2534 tutorum
982 2493 1218 2546 pupillorum
1247 2493 1441 2532 Wartzlai
1471 2493 1668 2546 quondam
1700 2492 1815 2531 ducis
1845 2491 2107 2537 stetinensis,
2137 2495 2177 2530 et
2205 2506 2402 2545 processu
2430 2493 2530 2533 inter

308 2581 378 2605 eos
407 2571 445 2605 et
474 2567 684 2606 ecclesiam
714 2566 1008 2605 Swerinensem
1039 2577 1159 2616 super
1190 2562 1364 2602 dominio
1396 2567 1507 2603 terrae
1538 2562 1753 2608 Tribuses,
1783 2560 1850 2600 ubi
1876 2560 2012 2599 dicunt
2034 2560 2112 2600 sibi
2135 2562 2387 2615 impossibile
2402 2562 2529 2602 fuisse

308 2648 447 2675 nucem
476 2636 690 2676 Dan'omm
719 2637 819 2674 intra
848 2635 1058 2674 terminum
1088 2633 1312 2673 citatorium
1342 2635 1547 2686 attingere.

700 2705 872 2738 §chroder
897 2703 1029 2747 Papist.
1054 2702 1228 2736 Meklenb.
1255 2706 1351 2737 Tom.
1377 2705 1422 2737 II.
1447 2715 1479 2748 p.
1504 2702 1700 2736 3068—69.
1759 2701 1962 2735 Nominibus
1996 2701 2092 2734 locus
2125 2712 2254 2736 vacuus
2288 2703 2430 2737 relictus
2455 2705 2528 2745 est,

696 2770 733 2799 ut
757 2766 790 2799 in
817 2765 977 2807 originali
1001 2769 1172 2799 vetustate
1196 2765 1330 2798 deletis.
1645 2778 1648 2780 ·

1345 2880 1492 2930 1329.

579 2976 722 3027 [2055]
780 2977 1069 3017 Testimonium
1095 2992 1267 3018 ΡιΛοιΤι
1291 2990 1533 3018 GENERALIS
1556 2977 1867 3017 VVrnaRm-msrs
1898 2975 1946 3015 de
1977 2976 2225 3016 institutione
2250 2979 2290 3015 et
2328 2976 2529 3017 dotatione

313 3060 420 3086 novae
451 3045 669 3098 praebendae
699 3050 738 3084 et
767 3049 993 3087 “canoniae'’
1024 3050 1063 3087 in
1094 3049 1266 3088 ecclesia
1302 3047 1341 3087 b.
1370 3048 1505 3088 Mariae
1535 3048 1704 3100 Ripensi
1733 3060 1803 3100 per
1839 3046 2039 3085 dominum
2069 3045 2327 3085 Laurentium
2354 3046 2530 3087 Jonssen

315 3116 564 3168 (dapiferum)
595 3115 718 3161 sacta,
749 3129 819 3154 nec
849 3130 923 3155 non
955 3117 1002 3156 de
1030 3117 1148 3157 bonis
1177 3118 1270 3158 huic
1298 3118 1517 3170 praebendae
1547 3117 1596 3157 ab
1627 3131 1675 3157 eo
1705 3115 1860 3155 collatis
1888 3119 1928 3154 et
1957 3117 2139 3155 scotatis.
2171 3139 2220 3144 —
2265 3116 2315 3156 In
2341 3116 2532 3170 qenerali

313 3186 473 3241 placito
510 3183 785 3237 Wiberqensi,
816 3185 983 3225 sabbato
1012 3189 1188 3239 proximo
1220 3191 1309 3227 ante
1338 3188 1486 3227 festum
1516 3186 1802 3240 purificationis
1830 3183 1955 3224 heatae
1984 3184 2119 3226 Mariae
2149 3187 2326 3239 virginis.

711 3255 884 3296 Terpager
909 3255 1004 3299 Ripae
1029 3256 1157 3290 Cimbr.
1184 3268 1216 3300 p.
1245 3257 1413 3290 131—33.
