2649 3686
865 159 1020 210 Koxa
1053 161 1186 212 Eum
1219 163 1455 212 Mssxvnn.
2170 172 2264 221 195

52 240 2264 266 Ἣ

317 323 474 374 [1595.]
530 325 657 367 Emer
688 329 890 371 Danorum
919 336 1024 386 regis
1055 335 1104 374 ad
1123 335 1373 376 ’advocatum
1404 340 1444 376 et
1472 335 1663 377 scabinos
1699 339 1873 377 civitatis
1902 338 2130 379 Lundensis
2159 355 2263 380 man·
2335 344 2450 384 1303.

54 392 207 441 datum,
247 396 292 432 ut
318 400 455 435 curent
483 397 760 449 praedicatores
789 400 1028 444 Lundenses
1057 407 1158 445 viam
1188 406 1405 459 publicam,
1436 420 1552 459 quam
1584 406 1810 460 parochiani
1841 422 1874 446 s.
1904 408 2113 449 Michaelis
2142 412 2264 450 eccle·
2292 412 2344 446 10·
2368 415 2506 456 Aprilis.

54 467 125 505 siae
154 466 209 505 ire
237 470 544 514 consvevmant,
575 467 715 508 fratres
746 483 836 509 vero
866 473 1040 524 praedicti
1071 475 1211 516 deinde
1242 481 1548 530 occupaverant,
1577 477 1756 517 ecclesiae
1787 478 1969 524 reddere,
2001 493 2076 517 non
2107 479 2262 518 obstan-

53 534 162 575 tibus
190 535 318 575 literis
346 537 648 576 confirmatoriis
678 541 820 591 regiiS,
858 546 971 582 “cum
1002 546 1055 584 sit
1084 560 1318 599 expressum
1348 548 1386 586 in
1416 548 1492 592 iis,
1532 548 1592 586 vel
1623 549 1785 599 exprimi
1816 547 2044 595 debuisset,
2087 554 2130 587 ut
2159 550 2265 588 lieret

53 605 140 644 sine
177 605 284 658 juris
327 606 491 647 alterius
533 607 710 655 laesione,
754 614 794 648 et
829 612 888 650 sic
927 617 1116 669 rescripta
1153 618 1370 670 principum
1409 630 1507 656 sano
1545 618 1707 670 intelligi
1746 617 1917 657 debeant
1947 619 2183 659 intellectu'‘.
2214 641 2262 647 —

56 674 280 724 Ottlaeom'ae,
307 680 444 729 quarto
475 677 537 717 die
567 681 740 731 paschae.

446 747 623 790 Liljegren
650 751 875 794 Diplomatar.
901 758 1043 789 Svecan.
1070 757 1113 789 11.
1139 767 1193 789 no.
1224 756 1322 790 1391.
1347 768 1380 800 p.
1404 757 1578 790 386—87.

313 808 470 858 [1596]
529 809 671 851 lsARm
701 815 990 870 archiepiscopi
1019 817 1250 857 Lundensis
1278 820 1509 858 constitutio
1549 819 1598 858 (le
1629 819 1759 859 officio
1795 834 1884 859 cum
1921 834 2060 860 novem
2089 821 2262 860 lectioni·
2292 822 2343 856 18.
2367 824 2508 868 Aprilis.

10 918 14 924 ,
50 876 331 930 busquolibet
358 878 423 918 die
458 879 643 920 sabbathi
673 883 722 922 de
751 884 865 925 beata
895 889 1043 939 virgine
1073 893 1112 927 et
1149 889 1213 928 die
1243 889 1355 928 Jovis
1392 889 1441 928 de
1474 903 1508 928 s.
1539 888 1750 928 Laurentio
1782 891 1820 929 in
1855 891 2025 931 ecclesia
2060 890 2263 932 Lundensi

50 951 90 988 et
118 951 199 987 tota
229 949 411 1000 ejusdem
441 950 617 991 dioecesi
648 953 894 995 celebrando.
926 979 974 984 —
1007 958 1146 1011 Ripis,
1178 959 1241 998 (lie
1269 960 1417 998 mensis
1446 959 1599 1012 Aprilis
1628 959 1776 1000 XVlll.

443 1020 620 1063 Liljcgren
647 1022 873 1065 Diplomatar.
904 1028 1043 1060 Svecan.
1069 1030 1110 1061 11.
1138 1040 1192 1061 no.
1221 1028 1319 1061 1392.
1344 1040 1375 1071 p.
1401 1029 1480 1061 387.

311 1081 459 1133 [1597]
516 1083 739 1123 Jonmvms
769 1085 892 1126 Hwi'r
924 1088 972 1127 de
1001 1088 1246 1141 Malmiighe,
1289 1090 1469 1130 advocati
1509 1092 1546 1130 in
1584 1090 1741 1138 Burles,
1783 1091 1925 1139 literae,
1969 1093 2113 1146 quibus
2151 1099 2260 1148 pote·
2285 1103 2341 1137 20.
2366 1103 2507 1147 Aprilis.

49 1154 192 1191 statem
222 1151 290 1190 dat
319 1151 492 1191 dominis
520 1153 688 1193 Andreae
721 1155 853 1208 Gage,
882 1158 1048 1197 Nicolao
1079 1160 1310 1212 presbytero
1341 1160 1390 1199 de
1421 1160 1646 1213 ll'lalmtighe
1676 1162 1759 1200 (isra
1789 1166 1828 1201 et
1854 1163 2024 1203 Johanni
2054 1165 2132 1204 lilio
2163 1181 2258 1213 suo,

48 1235 183 1261 semen
209 1221 372 1261 duarum
400 1236 553 1262 orarum
580 1228 688 1263 terrae
713 1225 789 1264 dfio
812 1227 992 1275 Andreae‚
1022 1230 1231 1281 praeposito
1255 1229 1473 1278 Lundensi,
1498 1231 1716 1278 refundere,
1742 1236 1783 1271 ct
1805 1232 2002 1273 desectum
2029 1235 2258 1287 quadrantis

47 1295 157 1332 terrae
186 1293 224 1332 ei
253 1292 419 1333 venditae
448 1293 677 1346 adimplere.
704 1318 759 1324 —
786 1297 968 1346 Laudis,
999 1298 1192 1337 sabbatho
1222 1314 1331 1352 prox.
1361 1304 1451 1339 ante
1480 1300 1727 1341 Misericord.
1758 1302 1918 1342 domini.

440 1366 618 1408 Liljegren
639 1367 858 1410 Diplomatar.
885 1371 1022 1401 Svecan.
1049 1370 1091 1402 11.
1117 1380 1170 1402 no.
1200 1369 1297 1401 1391.
1322 1381 1352 1412 p.
1377 1369 1457 1402 389.

307 1427 465 1477 [1598]
523 1427 670 1468 {smmi
716 1429 1004 1482 archiepiscopi
1040 1430 1269 1469 Lundensis
1313 1436 1352 1470 et
1388 1432 1655 1472 Caus'rmnm
1693 1434 1873 1486 episcopi
1914 1433 2108 1487 Ripensis
2146 1440 2257 1477 testi-
2281 1438 2338 1471 24·
2364 1438 2504 1483 Aprilis-

45 1495 230 1542 monium,
260 1510 306 1536 se
337 1498 488 1538 vidisse
518 1499 654 1539 literas
683 1499 823 1548 E(rici)
853 1501 980 1552 regis,
1010 1501 1088 1540 dat.
1118 1500 1313 1548 Othoniae,
1343 1514 1406 1540 an.
1439 1500 1555 1547 1303,
1586 1501 1650 1541 die
1678 1502 1837 1556 paschae
1869 1506 1995 1544 tertio.
2027 1528 2076 1534 —
2112 1507 2256 1560 Rapis,

48 1566 85 1604 in
114 1566 294 1620 profesto
323 1567 428 1608 beati
458 1569 582 1608 Marci
613 1570 877 1622 evangelistae.

79 1638 83 1640 “
440 1640 615 1682 Terpager
639 1639 733 1682 Ripa:
760 1640 886 1673 Cimbr.
911 1651 943 1683 p.
972 1640 1046 1673 182.

307 1700 457 1752 [1599]
513 1701 657 1740 Literae
688 1702 818 1741 Pss'rm
848 1701 1002 1741 abbatis
1032 1702 1341 1741 Herewadensis
1371 1707 1411 1742 et
1439 1703 1636 1742 Gmwmu
1666 1703 1822 1744 abbatis
1851 1705 1950 1746 Loci
1979 1706 2076 1752 Dei,
2113 1707 2257 1760 quihus
2303 1716 2337 1750 3.
2371 1716 2468 1751 Julii.

45 1769 294 1810 donationem
325 1771 569 1825 quarundam
600 1776 786 1810 terrarum
817 1773 852 1810 in
882 1771 1085 1811 Lattwedt
1113 1772 1249 1811 March
1279 1773 1507 1820 (“videlicet
1534 1772 1590 1812 IV
1615 1776 1753 1825 yamle
1782 1775 1970 1825 Μανι·1ε”)
2013 1780 2254 1817 monasterio

43 1838 144 1879 Loci
172 1841 248 1881 Dei
276 1856 348 1894 per
376 1840 577 1881 dominum
606 1842 682 1881 Jon
712 1841 820 1889 Bali,
864 1842 1094 1881 monachum
1133 1842 1224 1881 dicti
1261 1844 1508 1890 monasterii,
1551 1843 1630 1882 “ad
1667 1846 1821 1883 torticia
1858 1847 2027 1897 singulis
2063 1848 2255 1888 altaribus

44 1912 318 1965 apponenda”,
347 1911 513 1959 factam,
543 1912 784 1951 confirmant.
813 1936 866 1941 —-
896 1912 936 1951 ln
967 1914 1138 1951 crastino
1167 1912 1370 1951 beatorum
1399 1914 1597 1952 martirum
1627 1913 1818 1954 Processi
1848 1919 1888 1954 et
1914 1915 2152 1958 Martiniani.

437 1983 627 2023 Langebek
652 1984 816 2025 scriptor.
841 1983 939 2015 Vlll.
967 1982 1018 2015 17.

310 2043 470 2092 [1600]
528 2044 686 2083 Statuta
723 2045 885 2097 capituli
923 2044 1182 2095 Vibergensis
1224 2043 1504 2084 monachorum
1548 2045 1697 2085 ordinis
1734 2045 1790 2086 Sti
1830 2046 2060 2100 Augustini.
2090 2071 2142 2078 --
2186 2049 2251 2090 Vi-
2298 2049 2350 2083 Η·
2373 2050 2471 2084 Julli·

45 2111 201 2166 berqz’s,
231 2112 377 2170 domin.
405 2115 582 2166 proxima
611 2118 706 2167 post
735 2114 880 2153 festum
910 2114 947 2154 b.
977 2113 1125 2152 Ketilli.

437 2184 668 2227 Pontoppidan
693 2185 828 2216 Annall.
855 2185 937 2217 eccl.
963 2186 1047 2217 Dan.
1075 2185 1117 2217 11.
1144 2195 1175 2226 p.
1199 2183 1255 2216 86.
1303 2185 1491 2226 Langebek
1516 2185 1654 2229 Scriptt.
1679 2187 1724 2219 V.
1748 2185 1828 2219 63⁷.

285 2245 463 2294 ·[1601.]
520 2246 734 2286 JOHANMS
771 2246 918 2294 var,
963 2246 1158 2298 quondam
1201 2245 1379 2284 advocati
1415 2247 1452 2284 in
1496 2246 1746 2298 Malmiighe‚
1789 2248 1907 2287 literae
1945 2248 1993 2287 de
2028 2248 2254 2288 venditione
2281 2242 2333 2276 ¹9·
2359 2243 2496 2277 00‘012‘·

42 2313 231 2354 bonorum
262 2329 425 2354 suorum
456 2317 493 2355 in
523 2315 720 2369 Hallaghe
752 2318 789 2356 in
821 2316 1081 2368 Ossiigherrit
1109 2315 1159 2354 ad
1187 2315 1408 2362 Andream,
1437 2318 1691 2368 praepositum
1719 2316 1994 2364 Lundensem‚
2038 2332 2121 2370 quae
2152 2319 2253 2359 bona

43 2389 199 2425 scotare
215 2384 386 2425 Johanni
403 2386 481 2425 filio
506 2401 581 2426 suo
596 2388 752 2440 plenam
770 2388 1040 2426 auctoritatem
1058 2385 1251 2424 concedit.
1274 2406 1329 2413 -
1349 2384 1524 2434 Laudis,
1554 2389 1735 2439 sequenti
1758 2387 1820 2426 die
1842 2387 1964 2428 Lucae
1986 2389 2250 2441 evangelistae.

438 2456 615 2499 Liljegren
640 2458 868 2500 Diplomatar.
894 2459 1034 2489 Svecan.
1060 2457 1103 2488 11.
1130 2466 1184 2487 no.
1215 2454 1311 2487 1409.
1337 2466 1368 2498 p.
1393 2455 1472 2488 399.

303 2518 461 2568 [1602]
518 2519 764 2559 Bam-:niem
795 2515 926 2569 (lei)
954 2531 1064 2570 papae
1093 2516 1220 2562 hulla,
1252 2530 1328 2568 qua
1357 2515 1515 2556 Ysarno
1539 2517 1837 2571 archiepiscopo
1852 2518 2057 2560 Lundensi
2083 2521 2251 2573 injungit
2286 2522 2319 2555 ⁷·
2343 2522 2469 2557 Novbr·

41 2584 478 2636 matrimonium'Erici,
507 2589 644 2628 Daniae
676 2590 793 2641 regis,
825 2602 911 2628 cum
941 2586 1173 2639 lngeburgh,
1204 2600 1339 2625 sorore
1367 2586 1535 2638 Birgerii
1559 2588 1664 2639 regis
1687 2588 1902 2637 Sveonum,
1935 2589 2150 2642 legitimum
2183 2591 2248 2630 de-

41 2656 209 2704 clarare,
235 2658 315 2701 etsi
343 2663 480 2711 quarto
510 2660 862 2712 consangvinitatis
891 2658 1013 2710 gradu
1043 2660 1180 2695 essent
1209 2657 1421 2708 conjuncti.
1465 2678 1514 2684 —
1557 2657 1786 2706 Laterani,
1830 2658 1918 2699 Vll.
1957 2660 2009 2699 id.
2039 2659 2249 2700 Novembr.

40 2727 179 2779 pontis.
209 2738 310 2768 anno
339 2730 478 2782 primo.

434 2798 609 2842 Liljegren
634 2799 857 2843 Diplomatar.
884 2799 1024 2830 Svecan.
1048 2796 1092 2829 11.
1118 2806 1173 2829 no.
1202 2794 1299 2830 1412.
1326 2807 1358 2838 p.
1385 2794 1527 2830 401—2.

1070 2933 1212 2982 1304.
2313 2951 2429 2992 1304.

303 3048 449 3100 [1603]
506 3050 701 3089 Ara-oms
732 3047 952 3088 sacerdotis
983 3050 1022 3086 et
1049 3059 1225 3099 persona:
1256 3044 1434 3084 ecclesiae
1464 3046 1501 3085 in
1533 3046 1717 3102 Tybyrky
1740 3049 1856 3090 literae
1879 3050 2116 3100 donationis,
2147 3052 2245 3093 datm
2275 3051 2326 3085 15.
2351 3053 2491 3086 Januar.

40 3118 277 3158 monasterio
313 3117 550 3158 Esromensi
587 3133 708 3172 super
744 3120 850 3160 curia
888 3119 923 3157 in
962 3115 1160 3168 Lucoghae
1197 3114 1287 3153 villa
1330 3118 1370 3153 et
1412 3114 1527 3155 domo
1571 3118 1682 3158 molae
1725 3121 1827 3160 venti
1871 3120 2015 3162 ibidem
2059 3124 2148 3162 sita.
2195 3146 2242 3153 -

41 3185 89 3228 In
117 3189 289 3229 civitate
317 3188 603 3236 Roslcildensi,
632 3189 730 3228 seria
759 3191 897 3242 quarta
924 3190 1017 3241 post
1046 3189 1206 3225 octavas
1235 3183 1455 3237 epiphaniae
1486 3185 1644 3227 domini.

431 3259 618 3302 Langebek
643 3258 781 3303 Scriptt.
807 3259 868 3292 lX.
962 3281 970 3291 .
1019 3256 1100 3290 Cod.
1126 3256 1260 3288 Esrom.
1286 3253 1347 3288 fol.
1373 3254 1552 3289 CXXXV.
1596 3264 1598 3268 ·

1905 3326 1978 3366 05*
