2649 3686
851 171 1007 222 Kosa
1042 172 1172 222 Eun<
1206 173 1443 229 Mssxvssn.
1820 196 1827 201 »
2162 174 2258 224 197

301 340 460 390 [1614.]
519 341 714 384 GssnARm
742 346 898 385 comitis
923 345 1115 386 Holsatioe
1138 350 1177 386 et
1202 343 1513 398 Scowenburgh,
1542 343 1726 384 Humum
1746 344 1926 396 episcopi
1944 343 2197 383 Rcvaliensis
2220 350 2258 384 et
2329 346 2446 388 1304.

41 411 178 453 OLAVI
204 411 383 464 episcopi
408 411 696 452 Roskildensis
726 414 860 461 literae,
890 416 1036 469 quibus
1066 420 1279 465 testantur,
1311 430 1356 456 se
1386 415 1537 455 vidisse
1565 400 1836 469 privilegium,
1865 427 1944 466 quo
1974 427 2092 465 regno
2122 414 2256 453 Daniae
2288 412 2340 446 ll·
2359 417 2489 458 septbr.

39 470 176 522 omnes
215 481 405 520 terminos
438 481 537 521 ultra
575 481 771 522 Eldanam
811 489 850 523 et
885 485 1037 535 Albim,
1082 487 1246 540 imperio
1283 486 1464 526 Romano
1500 486 1736 532 attinentes,
1779 483 1887 523 addit
1915 483 2138 544 Fridericus
2175 483 2257 534 (ΙΙ.)

37 554 247 604 imperator
286 556 326 590 et
363 552 699 592 confirmationem
736 553 890 594 Alberti
928 554 1019 607 (1⁰¹5)
1059 558 1308 610 imperatoris
1338 556 1435 607 (vid.
1465 569 1584 609 supra
1615 569 1678 594 no.
1711 554 1861 603 1612).
1903 575 1957 582 —
1998 553 2256 602 Nemeam,

39 622 134 662 seria
162 620 231 660 Vl:
261 621 359 662 insra
389 625 569 661 octavam
601 624 720 662 nativ.
750 624 898 664 Mariae.

435 692 623 725 Tliorkelin
647 693 871 736 Diplomatar.
896 698 1134 738 Arna-Magn.
1160 697 1188 729 1.
1213 696 1270 730 9-1.

295 753 454 803 [1615]
514 754 688 794 Penus
719 757 912 796 SAxoms
942 771 1107 805 Funus,
1136 759 1376 811 praepositus
1405 756 1712 804 Roskildensis,
1740 757 1871 796 omnia
1900 756 2025 803 bona,
2055 770 2139 810 quae
2168 770 2254 810 pro·
2279 768 2334 802 20.
2360 773 2490 814 septbr.

34 824 233 877 genitores
261 825 352 877 ejus
381 826 623 864 monasterio
651 824 886 865 Esromensi
916 828 1177 874 contulerant,
1208 828 1392 868 videlicet
1420 828 1549 868 villam
1580 832 1703 867 totam
1734 830 1771 868 in
1800 826 2076 872 Nothebothe‚
2123 826 2254 865 villam

34 897 154 934 totam
184 895 223 933 in
253 893 434 947 Husaeby
463 898 503 933 et
532 894 662 934 villam
691 899 812 936 totam
851 898 888 936 in
919 898 1169 937 Skaetheruth
1205 899 1363 937 domino
1400 898 1533 938 abbati
1571 903 1611 938 et
1648 898 1857 938 conventui
1893 897 1989 937 dicti
2024 897 2255 936 monasterii

22 965 271 1025 appropriat.
303 987 352 994 —
383 964 621 1014 Roslcildv's,
659 967 695 1004 in
726 967 855 1018 vigilia
883 966 989 1006 beati
1019 967 1170 1006 Mathei
1201 968 1386 1020 apostoli.

427 1036 616 1076 Langebek
642 1036 780 1079 Scriptt.
807 1038 869 1069 IX.
965 1061 973 1070 .
1022 1038 1107 1071 Cod.
1132 1039 1268 1071 Esrom.
1296 1038 1358 1072 fol.
1383 1039 1529 1072 XCVII.

293 1095 450 1146 [1616]
507 1096 664 1144 Literae,
695 1098 841 1151 quibus
870 1096 1067 1150 E(n1cus)
1097 1113 1164 1138 rex
1195 1099 1352 1139 domino
1381 1100 1626 1151 XV(izlawo),
1655 1100 1820 1153 principi
1849 1099 2121 1152 Ruyanorum,
2151 1098 2254 1139 bona
2282 1110 2489 1145 14,0020b.-‚

32 1175 80 1202 ex
108 1161 172 1202 illa
200 1167 312 1216 parte
341 1167 483 1214 maris,
513 1181 599 1220 quae
628 1172 740 1220 pater
769 1169 898 1221 ipsius
926 1171 1037 1221 prius
1066 1171 1210 1216 tenuit,
1239 1169 1354 1208 videl.
1385 1174 1526 1209 terram
1556 1170 1696 1222 Ruye,
1726 1174 1868 1209 terram
1899 1170 2075 1215 Sundis,
2105 1173 2249 1209 terram

32 1232 241 1282 Grimmis,
286 1239 426 1276 terram
457 1237 648 1278 Tribuees
678 1243 718 1278 et
747 1243 888 1278 terram
917 1239 1062 1286 Barth,
1105 1253 1192 1278 cum
1223 1239 1471 1287 civitatibus,
1514 1239 1690 1280 Liizitzae
1720 1243 1911 1292 excepto,
1948 1241 2040 1292 jure
2079 1239 2251 1286 feodali,

31 1302 136 1356 quod
164 1305 375 1358 vulgariter
404 1307 616 1349 Faneleen
645 1309 804 1356 dicitur,
846 1313 1038 1363 perpetuo
1067 1309 1311 1363 possidenda
1348 1310 1542 1350 concedit.
1584 1332 1639 1340 -
1689 1309 2060 1364 lVortlcinqburqlc,
2105 1310 2170 1349 die
2210 1309 2250 1349 b.

30 1371 175 1415 Kalixti
202 1390 314 1430 papae
344 1382 385 1417 et
413 1379 612 1431 martyris.

425 1449 532 1481 Suhm
559 1448 648 1482 nist.
673 1449 714 1482 as
734 1449 884 1482 Danmk.
907 1450 971 1483 XI.
996 1449 1169 1483 889—90.

290 1509 448 1560 [1617.]
505 1510 648 1550 Literae
679 1524 921 1559 Anvocam,
953 1525 1174 1551 cossuram
1205 1523 1552 1559 caranonumqnn
1577 1523 1728 1550 ervum
1753 1512 2074 1558 Annslmvsmm,
2105 1511 2251 1565 quibus
2279 1512 2331 1546 14·
2358 1513 2496 1548 Octobr.

29 1578 254 1628 declarant,
284 1581 479 1620 Ascerum
508 1580 778 1633 Brobierugh‚
809 1583 933 1621 civem
964 1583 1244 1628 Arusicnsem,
1276 1583 1313 1620 in
1343 1581 1488 1634 placito
1518 1572 1799 1628 constitutum,
1828 1582 2000 1634 capitulo
2030 1583 2245 1621 Arusiensi

29 1649 191 1690 fundum
220 1651 416 1704 quendam
445 1652 482 1690 in
513 1651 814 1704 Syfuumniark,
844 1654 909 1706 qui
938 1652 1077 1691 dicitur
1104 1651 1332 1698 Formitost}
1363 1655 1562 1691 scotasse.
1602 1673 1655 1680 —
1692 1652 1823 1700 Arus,
1866 1651 1928 1692 die
1964 1651 2069 1692 beati
2097 1652 2246 1691 Kalixti

29 1733 139 1774 papae
168 1725 209 1761 et
235 1723 434 1776 martyris.

420 1793 611 1834 Langebek
635 1793 774 1836 Scriptt.
799 1793 862 1826 VI.
886 1793 966 1826 418.

286 1854 434 1906 [1618.]
492 1854 735 1894 Bsswnmc'rl
780 1852 910 1904 (lei)
954 1867 1065 1907 papae
1102 1852 1207 1892 bulla
1238 1853 1522 1893 confirmatoria
1558 1867 1679 1906 super
1716 1852 1945 1893 fundatione
1974 1857 2014 1893 et
2042 1853 2243 1894 dotatione
2268 1858 2323 1892 20.
2357 1860 2480 1892 Novhr.

27 1925 183 1973 domus,
206 1927 244 1965 in
274 1939 392 1965 usum
413 1939 631 1979 pauperum
656 1925 898 1965 scholarium
920 1939 990 1978 per
1014 1924 1292 1963 Christiernum
1316 1925 1546 1976 episcopum
1562 1923 1783 1977 Ripensem
1808 1923 1925 1962 sacta.
1949 1945 1999 1951 —
2024 1925 2245 1974 Laterani,

26 1995 115 2036 ΧΠ.
144 1995 296 2036 calend.
327 1995 578 2035 Decembris.

420 2068 596 2110 Terpager
618 2065 715 2109 Ripae
741 2062 868 2098 Cinibr.
894 2076 925 2108 p.
950 2063 1029 2097 469.

287 2127 444 2177 [1619]
502 2127 647 2167 Literae
675 2127 802 2167 Erucl
832 2127 961 2176 regis,
992 2126 1136 2180 quibus
1166 2125 1358 2171 declarat,
1385 2123 1545 2164 Ericum
1574 2124 1742 2164 Nielson
1772 2125 1821 2165 de
1843 2124 2088 2165 Bostaeholm
2113 2128 2243 2167 omnia
2268 2130 2324 2165 29.
2360 2132 2479 2166 Decb1·.

25 2211 100 2239 sua
127 2199 230 2239 bona
262 2200 301 2238 in
330 2198 542 2251 Bostholm
572 2199 608 2237 in
639 2198 824 2252 parochia
854 2197 1025 2250 Skydhae
1063 2200 1159 2244 sita,
1189 2195 1304 2233 titulo
1341 2195 1545 2247 pignoris,
1586 2195 1783 2234 Brothero
1822 2195 2010 2242 diacono,
2053 2197 2242 2236 canonico

24 2263 289 2309 Roskildensi'
317 2268 533 2321 obligasse.
564 2290 614 2297 ——
642 2267 953 2320 Kalvceleaqhoe,
984 2265 1045 2305 die
1074 2264 1113 2304 h.
1144 2264 1304 2304 Thomae
1335 2264 1637 2304 cantuariensis
1665 2264 1969 2317 archiepiscopi.

420 2338 608 2380 Langebek
633 2337 775 2380 Scriptt.
800 2338 861 2369 vl.
886 2335 965 2369 449.

286 2400 444 2450 [1620]
500 2400 627 2439 Emer
658 2399 860 2438 Danorum
886 2398 1170 2448 Slavorumque
1193 2396 1300 2447 regis
1328 2395 1448 2434 literae
1479 2394 1529 2434 ad
1550 2394 1776 2434 Edvardum
1801 2394 1900 2434 lunum
1921 2409 2053 2448 regem
2076 2397 2242 2449 Angliae,

24 2470 131 2524 quod
157 2474 320 2523 paratus
350 2472 404 2510 sit
432 2469 605 2509 Johanni
636 2470 685 2509 de
714 2469 857 2521 Magna
895 2466 1143 2513 Jernemoth,
1187 2469 1335 2518 “super
1364 2479 1482 2512 nave,
1512 2466 1615 2504 vinis
1652 2469 1692 2504 et
1720 2464 1840 2504 rebus
1871 2465 2000 2513 aliis'’,
2031 2480 2130 2520 quas
2161 2467 2241 2506 sibi

23 2541 290 2582 restituendas
319 2544 526 2595 posceret,
557 2540 663 2593 quod
687 2540 792 2593 juris
821 2539 876 2577 sit
904 2538 1052 2584 facere,
1083 2538 1116 2574 si
1147 2537 1234 2588 ipse
1265 2549 1310 2574 se
1341 2537 1447 2587 regis
1471 2534 1626 2588 judicio
1657 2536 1789 2574 sistat.

414 2610 558 2654 Bymeri
582 2610 739 2643 Foedera
765 2609 816 2642 ed.
843 2608 970 2641 Clarke
996 2611 1028 2639 et
1052 2606 1248 2639 Holbrooke
1272 2605 1352 2638 Vol.
1377 2606 1403 2638 1.
1430 2606 1469 2638 P.
1495 2606 1540 2638 11.
1564 2616 1596 2648 p.
1620 2604 1702 2638 965.

1053 2721 1197 2770 1305.
2306 2738 2424 2779 1305.

284 2825 443 2874 [1621]
499 2796 688 2865 Forhund
740 2822 896 2862 mellem
940 2818 1056 2865 Otto,
1106 2817 1258 2864 Johan,
1311 2816 1481 2856 Herman
1525 2830 1576 2868 og
1615 2816 1866 2864 waldemar,
1908 2817 2161 2870 Markgrever
2202 2819 2247 2859 af
2266 2821 2300 2854 2.
2324 2823 2470 2855 Janunr.

21 2891 328 2947 Brandenborg,
379 2894 450 2934 ΗΓ.
492 2895 686 2934 Nicolaus
731 2893 776 2933 af
814 2891 949 2931 W'erle
994 2902 1044 2940 og
1086 2887 1156 2926 Hr.
1202 2886 1352 2926 Henrik
1394 2886 1439 2924 af
1479 2885 1758 2939 Meklenborg‚
1809 2886 1902 2926 mod
1945 2886 2136 2927 Koa-cmv
2184 2900 2239 2930 ΑΒ·

21 2961 262 3012 Damnum,
293 2979 355 3004 om
386 2969 427 3004 at
454 2965 598 3019 hjaelpe
627 2964 697 3003 ΗΓ.
727 2962 920 3002 Nicolaus
950 2960 993 2999 af
1016 2957 1199 2998 Rostock
1229 2956 1271 2995 til
1302 2957 1357 2994 sit
1384 2955 1669 2996 Herrediimme
1702 2957 1821 3010 iffl'en.
1851 2979 1900 2984 —
1931 2957 2239 3013 Jordensdorp,

22 3031 96 3074 des
124 3033 413 3076 Sounauendes
442 3049 511 3074 vor
541 3035 631 3073 dem
662 3032 916 3072 namenlosen
945 3026 1220 3068 Sonnedache.
2053 3027 2129 3080 (Tv
2133 3028 2238 3078 dsk)

415 3104 583 3137 Schroter
614 3106 786 3148 Beytrage
818 3112 879 3134 zur
910 3098 1101 3132 Mecklenb.
1138 3094 1367 3128 Geschichts-
1348 3096 1508 3138 K-unde‚
1559 3096 1588 3129 1.
1621 3098 1660 3129 B.
1697 3095 1726 3129 1.
1751 3098 1794 3129 H.
1826 3107 1857 3140 p.
1889 3098 1998 3130 xn—
2004 3098 2103 3130 xlv.
2164 3100 2238 3132 Cf:-

415 3165 524 3198 Suhm
548 3165 641 3198 nist.
668 3165 709 3197 af
730 3163 964 3196 Danmk.X1.
990 3159 1138 3192 499.—
1163 3156 1330 3190 Hverken
1354 3157 1459 3190 Suhm
1486 3157 1570 3190 eller
1594 3157 1790 3199 Udgiveren
1815 3159 1856 3191 af
1877 3159 1966 3191 (lette
1991 3156 2150 3192 borbund
2176 3161 2240 3193 har

415 3227 508 3260 vidst
540 3229 575 3259 at
599 3226 743 3258 henffire
776 3225 832 3257 det
863 3223 902 3255 til
937 3231 1045 3262 nogcn
1079 3220 1223 3251 bestemt
1247 3219 1346 3261 Dag,
1381 3219 1423 3251 da
1456 3218 1497 3251 de
1529 3218 1613 3251 ikke
1644 3219 1785 3260 kjendte
1814 3230 1926 3262 noge-n
1960 3220 2124 3261 sondag‚
2162 3231 2236 3254 som

415 3289 523 3321 baerer
545 3289 642 3320 Navn
669 3287 710 3319 af
731 3286 791 3319 den
817 3290 1002 3318 mvmo'sr..
1050 3282 1115 3313 Det
1140 3291 1177 3312 er
1201 3279 1267 3321 dog
1291 3279 1374 3312 ikke
1399 3279 1662 3323 usandsynligt‚
1696 3283 1732 3314 at
1755 3291 1833 3314 man
1859 3282 2018 3314 saalcdcs
2044 3281 2108 3314 liar
2133 3292 2237 3314 over·-

414 3352 470 3382 sat
501 3349 563 3382 den
599 3347 752 3381 latinske
787 3328 1005 3380 Bonae'vnelse
1040 3341 1236 3376 Dominica
1269 3351 1408 3376 vacans
1441 3342 1525 3375 eller
1560 3347 1692 3387 vacat,
1727 3353 1801 3376 som
1838 3354 1913 3375 man
1952 3343 2091 3384 tinagde
2126 3345 2166 3376 dc
2202 3348 2235 3376 to
