2649 3686
331 130 428 180 236
985 130 1139 178 Koxo
1175 125 1518 176 CnnlsTOFFEn
1553 136 1650 169 DEN
1684 118 1887 167 AxDEx.

143 301 263 341 1324.
597 303 751 352 [1963]
810 302 1163 342 Cnmsrornonus
1208 297 1408 336 Danorum
1452 291 1740 342 Slavorumque
1791 303 1877 334 rex,
1929 288 2009 327 dux
2059 288 2261 332 Estoniae.
2310 289 2540 343 advocatias

97 371 153 404 2⁷·
179 371 302 405 Dessbf
335 373 639 420 Lieuenwalde,
683 372 821 425 Stolpe
864 375 904 410 et
929 371 1080 422 Jagoue
1110 366 1313 407 Ludovico
1351 360 1568 401 marchioni
1601 358 1951 410 Brandenbuigico
1990 346 2214 410 adjudicat,
2258 362 2299 397 et
2333 358 2546 400 Henrieum

335 444 535 483 dominum
565 443 659 481 Μεισ
636 442 916 495 gnopolensem
945 438 1131 492 praedicto
1160 432 1373 474 marchioni
1403 443 1473 470 eas
1502 430 1712 468 restituere
1736 427 1865 481 jubet.
1903 449 1953 456 —-
2000 427 2344 486 IVortlzinyborq,
2388 428 2451 468 die
2479 429 2554 469 ,lo-⁴

334 513 478 553 hannis
507 512 678 566 apostoli
709 515 748 550 et
776 510 1040 561 evangelistae.

730 580 887 613 Gercken
912 578 996 610 cod.
1022 575 1167 618 Diplom.
1192 570 1383 605 Brandenb.
1409 570 1437 603 Ι.
1463 568 1635 602 222—24.
1696 568 1772 600 Cfr.
1798 567 1903 599 Suhm
1929 566 2021 599 nist.
2047 566 2086 599 af
2106 567 2256 599 Danmk.
2286 567 2367 600 XII.
2397 568 2544 604 87—88.

728 641 782 675 ubi
810 641 860 674 hae
885 639 990 671 literae
1015 647 1081 669 non
1106 637 1197 668 recte
1220 634 1262 666 ad
1287 632 1375 665 diem
1401 632 1458 664 24.
1483 629 1579 664 Junii
1604 629 1713 673 (diem
1738 629 1910 669 Johannis
1934 627 2112 672 baptistae)
2138 629 2345 662 referuntur.

146 770 264 810 1325.
1363 747 1508 796 1325.

101 854 134 887 ²·
168 856 312 887 Januar·
598 852 743 904 [1964]
800 850 1116 889 Camsropnom
1153 846 1290 884 Daniae
1326 845 1433 896 regis
1463 843 1514 883 ad
1543 843 1753 895 collegium
1783 841 2038 881 cardinalium
2068 840 2206 888 literae,
2252 842 2289 880 in
2328 840 2471 894 quibus
2498 841 2548 882 de

339 924 553 965 inimicitiis
581 924 679 961 inter
705 918 922 959 Johannem
953 915 1174 966 (XXfldum)
1205 928 1346 968 papam
1379 918 1419 953 et
1448 913 1693 953 Ludovicum
1729 912 1884 963 (Ivtum)
1922 912 2190 950 Romanorum
2229 925 2361 963 regem
2400 909 2550 952 obortis

340 995 533 1047 queritur,
561 995 769 1044 rogatque,
799 993 842 1027 ut
876 987 1099 1039 pontificem
1131 986 1179 1025 de
1210 999 1308 1038 pace
1339 984 1583 1023 restituenda
1613 987 1822 1031 moneant,
1851 983 2087 1035 promittens
2117 995 2165 1020 ex
2195 981 2315 1020 altera
2344 985 2475 1035 parte,
2505 996 2550 1023 se

340 1065 469 1103 omnia
503 1066 727 1101 conaturum
766 1072 850 1111 quae
887 1057 937 1096 ad
972 1056 1208 1110 placandum
1246 1069 1379 1107 regem
1410 1056 1551 1108 juvare
1589 1058 1772 1107 possent.
1818 1074 1866 1081 —
1913 1052 2095 1091 Crastino
2134 1052 2448 1091 circumcisionis
2485 1052 2551 1093 do-

338 1134 430 1172 mini
461 1132 562 1181 (sine
592 1133 723 1180 anno).

725 1200 780 1231 J0.
808 1198 934 1237 Georg.
959 1194 1120 1228 Hervarti
1145 1194 1337 1227 Ludovicus
1363 1196 1513 1234 Quartus
1537 1195 1725 1237 Imperator
1749 1194 1912 1227 defensus
1939 1192 2148 1236 (Monachii,
2178 1192 2278 1226 1618.
2303 1191 2357 1236 4.)
2382 1203 2416 1236 p.
2440 1191 2552 1225 294-

724 1259 780 1292 96.
830 1260 972 1290 Pontan.
997 1259 1097 1289 Rerr.
1122 1258 1235 1288 Dann.
1262 1257 1351 1289 Hist.
1378 1257 1472 1289 Libr.
1500 1257 1580 1290 VII.
1605 1268 1637 1300 p.
1663 1257 1743 1290 436.
1803 1256 1894 1300 Epit.
1920 1255 1954 1288 in
1987 1255 2163 1299 Raynaldi
2189 1254 2384 1288 Continuat.
2417 1254 2554 1288 Baronii

728 1322 769 1353 ad
794 1331 871 1352 ann.
900 1319 998 1351 1324.
1023 1318 1156 1351 XVIII.
1183 1320 1280 1351 Tom.
1305 1320 1351 1351 V.
1376 1329 1408 1361 p.
1434 1318 1515 1350 270.

116 1390 171 1423 24.
202 1389 301 1422 Febr.
598 1383 743 1433 [l965.]
802 1381 908 1421 Grev
935 1380 1084 1420 JOHAN
1116 1381 1157 1418 til
1188 1380 1357 1419 Holsten
1390 1394 1440 1433 og
1469 1380 1671 1419 Stormarn
1701 1379 1854 1419 tillader
1883 1380 1971 1418 sine
2000 1378 2110 1431 kjere
2138 1378 2313 1430 Borgere
2343 1380 2355 1417 i
2385 1377 2553 1430 Helgen-

335 1455 434 1493 havn
462 1453 609 1493 toldfrit
631 1457 671 1492 at
693 1452 830 1491 udfore
846 1450 968 1497 Brnd,
991 1442 1042 1489 (Ἦ
1063 1464 1112 1502 og
1133 1450 1256 1490 Korn.
1280 1473 1334 1479 —
1363 1450 1421 1491 To
1445 1450 1592 1498 Plane,
1617 1451 1654 1489 in
1680 1450 1769 1489 dem
1793 1450 1905 1502 Dage
1930 1449 2055 1488 Siinte
2071 1449 2237 1488 Matties
2259 1449 2331 1488 des
2346 1449 2553 1502 Apostels.

725 1521 957 1563 VVestphalen
982 1522 1133 1553 Menum.
1159 1520 1246 1553 ined.
1273 1522 1335 1553 IV.
1359 1520 1464 1553 3214.
2316 1518 2554 1563 (Plattydsk).

106 1595 157 1627 15.
181 1593 309 1626 Martii.
593 1584 740 1634 [l966.]
799 1583 1007 1622 Tractatus
1048 1583 1149 1621 inter
1185 1582 1421 1621 Hammeum
1457 1582 1835 1635 Magnopolensem,
1879 1581 2115 1633 Stargardiae
2154 1585 2194 1620 et
2221 1581 2405 1621 Rostock
2433 1581 2554 1621 domi·

337 1669 425 1695 num
456 1658 495 1694 et
522 1654 762 1693 VVlrznAUM
790 1654 1006 1706 principem
1036 1653 1296 1705 Ruyanorum
1326 1652 1375 1691 de
1404 1653 1550 1691 unione
1579 1656 1620 1691 et
1649 1654 1821 1692 amicitia
1852 1656 1890 1691 et
1919 1652 1968 1691 de
1999 1652 2177 1691 dotalitio
2209 1651 2427 1700 Beatricis,
2469 1652 2554 1692 filiae

335 1726 495 1765 Henrici
526 1725 660 1770 ducis,
702 1724 906 1763 Jaromaro
935 1723 1014 1761 filio
1044 1723 1205 1762 Witzlai
1237 1723 1511 1775 desponsatae,
1556 1724 1621 1775 qui
1660 1727 1851 1761 tractatus
1890 1723 1973 1761 fieri
2012 1722 2154 1761 dicitur
2196 1722 2275 1761 “ad
2304 1726 2554 1777 augmentum

336 1796 521 1848 obsequii
551 1796 637 1834 sive
667 1795 835 1840 servitii,
873 1793 1044 1831 dominis
1073 1793 1223 1832 nostris
1253 1791 1537 1844 Christophero
1566 1793 1767 1831 Danorum
1798 1793 1880 1844 regi
1911 1796 1951 1831 et
1979 1794 2067 1832 suis
2096 1792 2320 1832 haeredibus
2351 1815 2400 1820 —
2438 1792 2554 1832 Erico

335 1867 476 1907 Jutiae’'
513 1865 601 1904 duci
639 1868 679 1904 et
713 1863 891 1917 pluribus
927 1863 1119 1901 “ulterius
1157 1866 1197 1902 et
1237 1863 1395 1902 facilius
1433 1862 1733 1915 impendendi”,
1778 1864 1829 1902 ita
1861 1866 1923 1910 ut,
1967 1864 2000 1902 si
2032 1864 2132 1901 inter
2161 1851 2277 1901 unani
2307 1867 2458 1915 partem
2488 1866 2556 1902 aut

337 1936 496 1976 alteram
522 1940 561 1976 et
581 1936 780 1989 principes
804 1935 1027 1973 nominatos
1053 1935 1202 1985 (regem
1227 1936 1295 1971 aut
1316 1933 1419 1971 alios
1439 1934 1642 1986 principes
1666 1936 1933 1984 enumeratos)
1959 1933 2196 1972 discordiam
2223 1934 2313 1972 oriri
2335 1934 2556 1986 contigerit,

338 2007 459 2046 altera
473 2020 565 2060 pars
581 2006 656 2046 hos
672 2004 945 2044 reconciliandi
961 2007 1202 2057 potestatem
1217 2002 1391 2042 haberet.
1408 2026 1460 2032 —-
1478 2003 1607 2052 Βανά,
1636 2003 1733 2043 feria
1748 2003 1817 2042 VI.
1834 2005 2011 2057 proxima
2028 2008 2118 2043 ante
2141 2004 2375 2043 dominicam
2390 2003 2557 2043 Laetare.

728 2075 898 2107 Schrijder
930 2074 1061 2117 Papist.
1094 2073 1269 2106 Meklenb.
1307 2073 1333 2105 Ι.
1377 2072 1568 2106 1042—44.
1627 2075 1816 2115 Ungnaden
1841 2074 2013 2107 Amoenit.
2038 2074 2130 2117 Dipl.
2157 2085 2188 2117 p.
2214 2073 2388 2106 819—20.
2450 2073 2557 2108 Lisch

726 2135 1083 2169 Urkunden-Samml.
1107 2146 1170 2167 zur
1199 2135 1325 2167 Gesch.
1356 2135 1415 2167 des
1443 2136 1584 2168 Geschl.
1610 2147 1643 2168 v.
1668 2136 1847 2169 Maltzahn
1873 2137 1900 2168 Ῐ.
1925 2136 2098 2168 388-90.

110 2213 142 2246 7,
168 2211 311 2256 Aprilis,
596 2198 740 2250 [1967]
796 2198 1031 2242 JouAmws,
1061 2197 1222 2236 lectoris
1246 2196 1406 2236 fratrum
1428 2195 1735 2237 praedicatorum
1760 2198 1983 2244 Roskildis,
2010 2202 2050 2237 et
2070 2197 2409 2244 MARGAnr-:rnssffi
2428 2197 2554 2237 *viduae

337 2269 483 2309 domini
519 2269 679 2309 Henrici
716 2268 931 2308 Albertsiin
962 2267 1011 2307 de
1042 2266 1381 2319 Thyth'aebiaergh,
1418 2266 1561 2313 literae,
1614 2268 1760 2321 quibus
1798 2272 2014 2315 testantur,
2059 2267 2320 2313 Christinam,
2364 2267 2560 2307 ,Iohannis

337 2339 618 2386 Siaelantzfarae
656 2340 825 2378 senioris
860 2339 1000 2385 filiam,
1039 2338 1256 2376 solemnem
1294 2336 1446 2376 fecisse
1486 2337 1780 2389 professionem
1819 2343 1860 2378 et
1888 2340 1987 2378 inter
2023 2351 2184 2376 sorores
2214 2342 2360 2377 sanctae
2389 2338 2560 2391 Agnetis

340 2409 552 2460 (Roskild.)
584 2423 679 2449 esse
707 2412 943 2461 cooptatam.
974 2429 1024 2443 —-
1055 2406 1291 2454 Roslcilclis,
1323 2406 1386 2446 die
1417 2411 1555 2446 sancto
1583 2408 1758 2460 paschae.

731 2479 965 2522 Pontoppidan
994 2478 1132 2510 Annall.
1160 2477 1242 2509 eccl.
1269 2479 1357 2509 Dan.
1384 2479 1427 2511 II.
1453 2489 1485 2521 p.
1514 2477 1589 2510 131.

100 2543 151 2575 12.
178 2543 318 2587 Aprilis.
603 2540 758 2588 [1968]
814 2540 1000 2579 Forbund
1037 2539 1207 2578 imellem
1241 2539 1389 2578 Junker
1424 2540 1685 2586 mmmmm,
1729 2539 1881 2591 Hertug
1912 2540 1929 2578 ,ἰ
1967 2539 2144 2590 Slesvig‚
2183 2553 2232 2591 og
2270 2539 2376 2579 Grev
2412 2538 2559 2578 JonAN

342 2612 354 2649 i
382 2609 573 2650 Holsteen
605 2624 654 2662 og
683 2611 905 2657 Stormarn,
948 2610 1059 2649 hvori
1089 2609 1242 2661 Hertug
1269 2609 1483 2649 Valdemar
1519 2614 1652 2649 saetter
1683 2609 1838 2649 Greven
1869 2610 1880 2647 i
1910 2608 2012 2647 Pant
2040 2608 2140 2647 hans
2171 2609 2324 2648 Andeel
2362 2611 2374 2648 i
2403 2608 2561 2648 Landet

344 2680 512 2718 imellem
529 2680 637 2719 Slien
657 2694 706 2732 og
720 2680 904 2726 Eideren‚
928 2680 988 2718 sor
1004 2683 1043 2718 et
1058 2679 1282 2730 Pengelaan
1301 2693 1336 2718 o.
1354 2693 1388 2717 s.
1404 2693 1439 2718 v.
1456 2702 1508 2707 —
1524 2679 1637 2726 Kile,
1661 2679 1734 2718 des
1751 2678 1963 2731 vridaghes
1987 2692 2034 2717 na
2052 2679 2244 2731 paschen.
2302 2678 2560 2732 (Plattydsk).

734 2750 925 2783 Michelscn
951 2749 1275 2784 Urkundensamml.
1302 2749 1346 2781 11.
1372 2760 1426 2781 no.
1451 2749 1545 2782 LIV.
1571 2760 1602 2792 p.
1628 2748 1777 2781 57—59.

113 2826 163 2857 12.
190 2822 326 2866 Aprilis.
609 2814 752 2865 [1969]
808 2815 982 2867 Fordrag
1019 2815 1173 2854 mellem
1202 2813 1308 2853 Grev
1343 2814 1491 2853 JOHAN
1524 2814 1565 2852 til
1594 2814 1788 2868 Holsteen
1819 2827 1869 2865 og
1899 2813 2101 2851 Stormarn
2133 2827 2183 2865 og
2213 2813 2319 2853 Grev
2349 2814 2558 2854 GERHARD

346 2882 388 2920 til
416 2882 627 2929 Holsteen‚
672 2884 928 2936 foranletliget
964 2885 1039 2924 ved
1076 2885 1143 2923 det
1186 2884 1355 2924 imellem
1394 2884 1468 2923 den
1506 2883 1759 2923 sorstnaevnte
1795 2896 1845 2935 og
1881 2881 2034 2934 Hertug
2071 2883 2282 2923 Valdemar
2324 2884 2369 2923 af
2401 2884 2561 2936 Slesvig

349 2951 519 2990 sluttcde
547 2952 743 2990 Forbnnd.
773 2975 821 2980 —
853 2954 972 3001 Kile,
1003 2955 1076 2993 des
1104 2953 1318 3006 vridaghes
1348 2967 1397 2993 na
1425 2954 1616 3007 paschen.
2298 2948 2557 3006 <Platty'dsk).

739 3021 928 3055 Michclsen
953 3023 1335 3064 Urkundensammlung
1360 3024 1404 3056 11.
1431 3034 1485 3057 no.
1511 3025 1589 3057 LV.
1616 3034 1645 3066 p.
1671 3022 1820 3056 59—61.

104 3089 159 3122 27.
185 3088 326 3132 Aprilis.
613 3080 765 3132 [19701]
824 3086 926 3126 Grev
957 3088 1170 3128 GERHARn
1203 3089 1245 3127 til
1275 3088 1468 3128 Holsteen
1500 3100 1550 3141 og
1583 3088 1786 3128 Stormarn
1816 3092 2036 3143 gara—uterer
2066 3087 2171 3127 Grev
2201 3089 2336 3142 {Johan
2375 3088 2442 3128 det
2470 3087 2561 3129 med

350 3151 513 3203 Hensyn
544 3153 586 3191 til
614 3153 768 3191 Laudat
797 3156 948 3196 mellcm
979 3158 1086 3198 Slien
1117 3172 1168 3210 og
1194 3157 1368 3198 Eideren
1397 3158 1572 3198 sluttede
1597 3159 1785 3211 Fordrag.
1817 3181 1864 3188 -
1900 3158 2068 3211 Stolpe,
2099 3160 2135 3198 in
2167 3159 2308 3199 dheme
2338 3158 2558 3198 sonauinde

348 3234 418 3260 vor
448 3226 558 3262 sente
587 3222 826 3271 XVolbcrelie
857 3225 994 3277 daghe.
2299 3229 2560 3281 (Plattydsk).

740 3293 927 3328 Michelscn
953 3297 1340 3340 Urkundensammlung
1363 3298 1408 3331 11.
1434 3308 1487 3332 no,
1514 3298 1608 3331 LVI.
1634 3308 1664 3340 p.
1689 3297 1747 3330 61.
