2649 3686
780 125 936 174 Koxo.
969 127 1099 176 Eun<
1135 127 1509 177 Pnovpnxme.
2161 135 2256 183 111

305 293 427 345 [840]
484 294 746 336 lNNocnm-rr
778 297 894 349 (lvti)
924 314 1034 353 papoe
1061 299 1186 347 bulla,
1218 315 1294 354 qua
1322 301 1552 354 praepositis
1583 302 1760 341 ecclesioe
1791 301 2021 342 Lundensis
2051 308 2089 344 et
2118 306 2264 348 Slesvi-
2342 308 2456 350 1211.

43 365 177 404 censis
206 365 390 418 imperat,
419 368 464 404 ut
492 365 597 405 litem
628 367 728 406 inter
758 369 988 422 episcopum
1019 372 1279 411 Arusiensem
1309 374 1347 412 et
1376 371 1590 425 capitulum
1615 372 1811 425 judicent.
1855 395 1908 402 ——
1951 374 2180 425 Laterani,
2220 377 2269 416 V.
2293 375 2328 409 9·
2365 379 2507 420 Aprilis.

42 435 92 474 id.
121 435 246 488 April.
275 434 415 488 pontif.
445 448 547 475 anno
577 438 718 489 primo.

439 507 630 540 Thorkelin
655 507 886 551 Diplomatar.
912 511 1152 553 Arna-Magn.
1178 512 1205 544 1.
1229 522 1261 555 p.
1292 511 1368 544 1-11.
1416 511 1603 553 Langebck
1628 511 1764 555 Scriptt.
1792 514 1855 547 VI.
1880 513 2054 548 389—00.

303 567 426 618 [841]
484 567 606 607 Eruci
637 571 742 621 regis
769 570 910 617 literae,
954 572 1101 625 quibus
1132 587 1271 612 omnes
1301 577 1445 619 terras,
1487 587 1589 626 quas
1619 575 1797 614 canonici
1820 576 2064 616 '‘Arusicnsis
2093 579 2268 619 ecclesiae
2298 586 2348 620 18.
2375 587 2505 631 Scptbr.

41 637 268 690 quingentis
297 638 440 677 marcis
471 642 670 686 emerunt,
714 642 889 693 acceptis
927 655 948 680 a
979 642 1144 682 Nicolao
1184 645 1376 697 episcopo
1414 643 1674 684 Roskildcnsi
1712 659 1784 697 pro
1820 644 1935 685 bonis
1973 648 2009 685 in
2056 649 2267 702 Gizcsning,

39 706 184 746 liberas
215 707 388 747 declarat
416 707 466 747 ab
498 709 603 748 omni
635 712 856 761 gravamine
887 715 924 750 ct
948 714 1039 765 jure
1069 715 1176 766 regio
1205 735 1258 742 --
1286 714 1468 761 Lmaedls,
1499 713 1608 752 XIV.
1641 715 1792 755 calend.
1825 716 2032 756 Octobris.

437 778 626 812 Thorkelin
650 780 874 823 Diplomatar.
899 784 1141 825 Arna-Magn.
1167 785 1193 818 I.
1220 796 1250 827 p.
1281 785 1356 817 146.
1403 784 1590 826 Langebek
1615 785 1754 829 Scriptt.
1781 788 1844 820 VI.
1868 787 2042 820 397—98.

303 839 422 891 [842]
480 842 582 881 Acta
613 843 774 895 capituli
807 845 1000 894 generalis
1024 846 1172 884 ordinis
1196 845 1509 898 praedicatorum.
1567 847 1586 898 ξ
1625 848 1681 887 19.
1712 848 1828 888 “lstae
1853 853 1946 888 sunt
1968 852 2266 892 concessiones.

43 909 307 951 Concedimus
336 912 547 965 provinciae
578 912 826 952 Lonibardiae
855 917 937 953 tres
976 915 1138 962 domos,
1184 915 1388 955 Teutoniae
1425 916 1545 963 duas,
1591 917 1743 957 Danum
1781 921 1934 959 unani’'.
1974 942 2022 948 —
2061 920 2267 962 Bononia».

439 983 601 1015 Martene
627 986 660 1016 et
682 984 823 1017 Durand
849 985 1013 1020 Tliesaur.
1040 996 1118 1018 nov.
1142 987 1308 1020 Anecdot.
1334 989 1430 1020 Tom.
1457 987 1520 1020 lv.
1550 986 1648 1021 1686.
1674 988 1740 1022 cfr.
1769 990 1867 1025 1215.
1893 989 1918 1032 S
1939 990 1996 1024 20.
2015 990 2095 1024 ibid.
2116 1003 2148 1035 p.
2167 992 2267 1026 1690.

437 1046 472 1077 ct
497 1043 598 1078 1264.
625 1043 649 1086 S
675 1045 732 1079 21.
759 1045 838 1080 ibid.
865 1057 896 1089 p.
926 1046 1025 1079 1739.

1071 1152 1219 1203 1245.
1738 1188 1743 1189 ff
2344 1179 2462 1219 1215.

299 1248 419 1301 [843]
476 1249 673 1291 UFFoms
715 1251 1000 1306 archiepiscopi
1037 1253 1266 1294 Lundensis
1309 1256 1575 1296 testimonium
1620 1256 1668 1295 de
1711 1259 2000 1311 compositione
2043 1258 2124 1299 litis
2167 1260 2265 1301 inter
2299 1263 2352 1297 18·
2385 1266 2528 1298 Januar·

1 1315 7 1320 ⁵
41 1321 273 1374 episcopum
307 1321 569 1360 Arusiensem
600 1326 639 1360 et
669 1323 893 1375 capitulum.
931 1346 974 1352 —
1006 1326 1135 1374 Artes,
1166 1324 1258 1364 XV.
1289 1326 1439 1365 calend.
1467 1326 1683 1366 Februarii.

433 1392 624 1424 Thorkelin
649 1392 876 1436 Diplomatar.
904 1396 1140 1437 Arna-Magn.
1168 1396 1194 1428 I.
1220 1407 1251 1439 p.
1280 1395 1360 1428 146.
1408 1397 1598 1437 Langebek
1623 1397 1762 1440 Scriptt.
1787 1399 1850 1432 VI.
1878 1399 2025 1432 -102·-3.

301 1452 419 1504 [844]
479 1453 730 1494 ΙΝΝοοΕΝΤιι
761 1453 876 1505 (lvti)
905 1469 1013 1509 papae
1043 1457 1091 1496 ad
1120 1459 1288 1510 priorem
1318 1462 1356 1497 et
1385 1459 1598 1511 capitulum
1628 1460 1806 1499 ecclesiae
1836 1460 2086 1501 Ottoniensis
2116 1463 2263 1504 ordinis
2310 1463 2343 1494 7-
2379 1464 2480 1496 Febr·

38 1525 163 1564 sancti
200 1524 406 1564 Benedicti
435 1525 576 1570 literae,
607 1524 753 1578 quibus
783 1527 833 1565 iis
872 1526 1065 1578 indulget,
1109 1531 1180 1565 “ut
1210 1528 1245 1566 si
1274 1529 1505 1581 episcopum
1543 1534 1740 1576 vestrum,
1784 1530 1835 1569 ad
1872 1545 1958 1570 eam
1994 1532 2263 1585 impotentiam

5 1576 208 1647 'attigerit
244 1594 448 1642 devenire,
493 1596 600 1649 quod
631 1596 774 1649 exequi
812 1601 982 1648 nequeat
1020 1597 1191 1636 officium
1229 1598 1448 1650 pastorale,
1492 1598 1645 1652 absque
1680 1614 1854 1640 assensu
1894 1605 2027 1642 vestro
2058 1604 2266 1657 coadjutor

40 1678 114 1704 non
146 1665 275 1704 valeat
305 1665 523 1719 deputari”.
557 1689 604 1694 —
635 1667 852 1719 Luydum',
884 1665 969 1705 Vll.
1000 1667 1050 1705 id.
1081 1667 1197 1706 Febr.
1228 1667 1364 1720 pontif.
1396 1682 1497 1708 anno
1527 1669 1720 1709 seeundo.

436 1737 627 1769 Tilorkelin
655 1736 884 1779 Diplomatar.
909 1739 1146 1779 Arna-Magn.
1173 1738 1199 1770 1.
1225 1749 1257 1781 p.
1286 1738 1361 1770 118.

302 1798 434 1848 [845]
491 1797 755 1839 INNOc13N'r11
800 1797 916 1849 (lvti)
957 1814 1069 1852 papae
1106 1799 1212 1838 bulla
1249 1802 1507 1852 protectoria,
1544 1800 1635 1840 data
1667 1801 1850 1842 fratribus
1879 1806 2106 1844 monasterii
2135 1808 2263 1846 sancti
2302 1812 2354 1845 17.
2388 1814 2489 1847 Febr.

42 1868 182 1908 Canuti
214 1867 505 1908 Ottlloniensis.
536 1891 591 1898 —
618 1871 835 1924 Luqduni,
867 1869 959 1909 XII.
983 1870 1132 1910 calend.
1149 1870 1300 1916 Martii,
1331 1871 1464 1910 indict.
1488 1870 1534 1910 ll.
1557 1872 1702 1911 incarn.
1727 1872 1829 1912 dom.
1853 1887 1954 1913 anno
1975 1874 2261 1917 MCCXLIUI.

39 1939 182 1992 pontif.
212 1954 314 1980 auno
344 1939 534 1979 secundo.

437 2010 626 2043 Thorkelin
650 2010 876 2054 Diplomatar.
901 2013 1140 2053 Arna-Magn.
1165 2011 1191 2043 I.
1217 2010 1297 2043 2⁷18.

302 2083 432 2133 [846]
490 2083 745 2123 INNocEN'ru
773 2083 891 2134 (lvti)
921 2100 1033 2138 papae
1064 2084 1111 2123 ad
1143 2083 1484 2136 archiepiscopum
1514 2083 1771 2126 Lundensem
1801 2091 1840 2127 et
1868 2088 2141 2141 suffraganeos
2172 2090 2262 2142 ejus
2298 2096 2353 2129 20.
2387 2098 2488 2130 Febr.

40 2154 178 2200 literae,
222 2155 497 2206 promittentes
542 2154 747 2202 omnibus,
791 2156 858 2208 qui
901 2156 1040 2195 saltem
1077 2169 1145 2208 per
1183 2167 1326 2193 annum
1362 2167 1450 2193 cum
1486 2169 1579 2207 rege
1610 2156 1745 2195 Daniae
1783 2158 1979 2198 adversus
2014 2173 2194 2212 paganos
2225 2162 2262 2198 in

40 2223 215 2263 Estoniae
246 2223 427 2277 partibus
456 2225 727 2272 militaverint,
772 2226 936 2265 eandem
966 2226 1236 2264 remissionem
1265 2228 1516 2277 peccatorum
1554 2239 1600 2264 ac
1628 2227 1699 2273 iis,
1743 2229 1808 2280 qui
1839 2231 1875 2266 in
1911 2232 2052 2268 terram
2083 2234 2262 2269 sanctam

39 2298 252 2335 transeant.
284 2317 333 2323 —
363 2295 582 2347 Luqduni,
612 2296 664 2335 X.
697 2296 846 2336 calend.
878 2296 1026 2342 Martii,
1056 2295 1195 2348 pontif.
1227 2309 1327 2333 anno
1352 2295 1541 2333 secundo.

434 2365 611 2408 Liljegren
636 2367 860 2409 Diplomatar.
887 2369 1026 2399 Svecan.
1051 2367 1078 2398 Ι.
1105 2376 1158 2397 no.
1183 2364 1263 2397 320.
1289 2376 1320 2408 p.
1345 2365 1541 2398 306—307.
1588 2367 1832 2409 Fragmentum
1854 2378 1908 2411 ap.
1930 2368 2100 2412 Raynald.
2125 2369 2260 2402 Contin.

436 2429 564 2461 Baron.
590 2429 634 2461 ad
659 2440 738 2461 ann.
768 2429 866 2461 1245.
893 2428 1022 2461 CXIII.
1049 2429 1143 2463 Tom.
1172 2427 1214 2460 II.
1238 2438 1269 2469 p.
1293 2426 1454 2459 345—46

305 2499 431 2549 [847]
489 2500 740 2541 leocENTn
783 2500 899 2552 (IV‘i)
942 2514 1051 2554 papae
1087 2500 1135 2538 ad
1165 2499 1505 2552 archiepiscopum
1535 2498 1811 2552 Upsaliensem
1841 2505 1880 2540 et
1907 2503 2077 2554 priorem
2105 2506 2258 2557 provin·
2294 2518 2350 2552 21,
2384 2520 2486 2552 Febr,

31 2571 176 2610 'cialcm
213 2570 360 2610 ordinis
398 2571 563 2610 fratrum
599 2572 897 2624 praedicatorum
936 2573 971 2610 in
1002 2571 1126 2610 Dacia
1158 2570 1296 2616 literae,
1334 2572 1376 2608 ut
1406 2570 1628 2609 cessionem
1660 2570 1821 2610 Thomae
1851 2574 2030 2625 episcopi
2060 2574 2260 2615 Fillandiae

41 2640 287 2690 (Finlandiae)
319 2641 403 2680 vice
429 2642 647 2694 apostolica
674 2645 846 2695 recipere
875 2644 1092 2695 procurent.
1118 2661 1166 2667 -
1191 2639 1401 2691 Luydzmi,
1428 2639 1502 2677 IX.
1528 2640 1599 2678 cal.
1625 2640 1755 2679 Martii
1774 2642 1911 2694 pontif.
1937 2657 2038 2683 anno
2067 2646 2258 2685 secundo.

56 2708 58 2710 ’
435 2712 613 2753 Liljegren
638 2713 861 2756 Diplomatar.
889 2716 1030 2745 Svecan.
1057 2711 1083 2742 I.
1110 2720 1163 2742 no.
1188 2710 1268 2743 321.
1294 2721 1323 2752 p.
1349 2709 1429 2742 307.

305 2773 425 2824 [848]
484 2774 687 2814 Statutum
723 2776 759 2813 in
798 2774 961 2814 concilio
993 2771 1215 2812 Ottouiensi
1245 2770 1292 2810 ab
1323 2770 1504 2810 UFFoNF:
1542 2772 1839 2825 metropolitano
1869 2773 2078 2815 Lundensi
2109 2780 2146 2814 et
2176 2777 2257 2816 suf·
2293 2782 2349 2816 22.
2382 2784 2484 2817 Febr.

42 2843 239 2896 fraganeis
268 2844 411 2890 latum,
454 2847 498 2883 ut
527 2847 916 2884 excommunicentur
946 2856 1099 2888 omnes,
1143 2842 1207 2894 qui
1237 2840 1430 2879 ecclesias
1469 2855 1544 2880 suo
1568 2843 1659 2894 jure
1694 2843 1942 2895 privaverint.
1971 2867 2024 2874 —-
2059 2847 2259 2897 Ottom‘ce,

43 2915 263 2967 septimana
294 2914 585 2966 Sexagesimae,
616 2914 711 2955 seria
741 2919 891 2968 quarta.

435 2984 672 3036 Pontoppidan
698 2987 785 3019 Anu.
811 2985 893 3018 eccl.
919 2986 1007 3018 Dan.
1033 2984 1062 3017 Ι.
1088 2982 1169 3015 658.
1228 2981 1367 3014 Ancher
1389 2980 1610 3014 Lovhistorie
1641 2982 1686 3016 11.
1719 2983 1846 3017 8—12.
1905 2986 2091 3029 Langebek
2115 2986 2258 3031 Scriptt.

437 3047 519 3079 VII.
548 3047 717 3080 131—32.

305 3106 422 3158 [849]
479 3107 665 3147 Nrcomu
698 3108 874 3160 episcopi
903 3105 1186 3146 Roskildensis
1215 3105 1516 3157 transscriptum
1539 3105 1737 3146 literarum
1762 3108 2003 3151 fundationis
2028 3112 2255 3152 monasterii
2292 3118 2344 3152 17.
2376 3118 2485 3152 Junii.

44 3175 81 3216 b.
112 3175 220 3216 Petri
249 3176 557 3217 Nestvediensis
586 3179 832 3231 (vid.ksupra
865 3192 925 3216 no.
960 3176 1077 3225 lm).
1108 3195 1156 3202 -
1187 3173 1466 3223 Humblcorce,
1495 3173 1587 3214 XV.
1616 3176 1766 3218 calend.
1795 3177 1902 3219 Julii.

439 3247 531 3282 Saxo
556 3248 609 3281 ed.
635 3248 797 3291 Stephan.
822 3250 891 3281 not.
916 3246 1062 3281 uberior.
1088 3244 1120 3277 in
1146 3243 1223 3277 Lib.
1249 3244 1345 3278 XIII.
1371 3255 1403 3288 p.
1429 3245 1599 3280 231—32.
2448 3264 2466 3279 .
