2649 3686
682 154 841 204 Kom.
873 154 1218 208 Cnmsrorrnn
1254 174 1351 208 nex
1386 158 1589 208 Axnssx.
2144 166 2243 217 229

422 324 478 358 vix
502 325 586 358 fides
611 330 664 359 est
690 328 904 372 adhibendum
929 331 1107 374 prohibent
1131 332 1166 365 id
1190 332 1298 367 litem
1323 343 1346 366 ι
1369 334 1470 367 Petro
1495 332 1655 377 episcopo
1680 318 1872 367 Otliiniensi
1888 357 1898 377 ,
1935 337 2151 370 antecessore
2175 339 2243 370 Jo-
2314 338 2431 380 1321,

423 387 566 429 hannis,
590 398 678 421 anno
708 389 806 423 1272.
834 393 920 425 datm
946 393 1031 436 (vid.
1057 405 1162 437 supra
1186 405 1240 428 no.
1270 394 1402 438 1216.).

290 447 450 498 [1901.]
510 449 831 492 Camsropnom
864 457 968 506 regis
998 456 1119 495 literae
1148 457 1415 510 protectoriae,
1458 455 1559 495 datae
1588 455 1744 495 villanis
1773 457 1810 495 in
1841 455 2049 504 Randrus‚
2089 463 2128 499 et
2154 474 2243 500 con·
2289 468 2322 501 4.
2354 470 2452 510 Maji.

26 518 191 558 firmatio
225 518 540 571 privilegiorum,
584 521 727 561 iisdem
757 536 779 562 a
809 524 967 575 regibus
996 526 1132 566 Daniae
1170 540 1467 567 concessorum.
1495 548 1550 555 --
1577 525 1872 579 Rinqstadlcis,
1911 528 1950 567 iu
1989 531 2160 569 crastino
2188 531 2242 569 in-

31 589 227 629 ventionis
260 592 407 628 sanctae
437 591 579 629 crucis.

418 660 593 693 stadfeldt
617 662 774 695 Randers
802 663 924 697 Beskr.
949 675 983 707 p.
1007 665 1156 699 23—24.

285 719 444 770 [1902]
504 720 780 763 Inuum-nom
807 725 1006 766 Sveonum
1037 727 1208 768 ducissae
1233 728 1367 776 literae,
1397 728 1446 769 de
1475 729 1663 782 placitato
1689 731 1789 769 inter
1811 743 1897 770 eam
1929 734 1969 769 et
1997 730 2116 770 filium
2146 733 2237 784 ejus
2280 731 2336 765 24·
2360 734 2457 767 Julii-

23 790 210 844 Magnum
243 789 452 843 Norvegiae
490 796 531 831 et
566 792 719 833 Sveciae
757 809 888 846 regem
927 810 974 835 ex
1011 810 1107 844 una,
1151 802 1191 837 et
1221 798 1434 838 Henricum
1464 799 1663 839 dominum
1691 800 2034 853 Magnipolensem
2064 806 2104 840 et
2133 804 2241 841 Star-

24 861 169 914 gardiae
211 874 258 900 ex
302 861 425 900 altera
467 866 579 915 parte
624 863 754 910 sacto,
806 878 884 917 quo
923 880 988 905 rex
1027 868 1198 919 Magnus
1240 883 1416 908 sororem
1452 883 1567 908 suam
1605 869 1852 909 domicellam
1890 870 2113 910 Eusemiam
2157 872 2236 912 filio

23 930 197 971 Heinrici
227 931 374 971 domini
404 931 734 985 Magnopolensis
764 938 803 974 ct
832 936 1067 987 Stargardiae
1095 938 1303 978 domicello
1320 938 1483 979 Alberto
1513 939 1762 993 despondere
1787 941 1990 994 pollicitus
2014 946 2090 988 est,
2117 942 2239 982 certis

22 1001 317 1042 conditionibus
344 1004 584 1056 propositiS,
613 1018 660 1043 ex
697 1004 843 1056 quibus
878 1019 954 1044 una
984 1006 1131 1059 obligat
1160 1008 1357 1048 dominum
1387 1009 1761 1063 Magnopolensem,
1792 1025 1922 1063 regem
1952 1011 2141 1064 Magnum
2171 1013 2237 1051 ad-

22 1086 163 1113 versus
176 1071 361 1113 Daniam
376 1072 577 1125 adjuvare.
599 1095 651 1102 —-
676 1076 803 1127 Apud
815 1083 993 1115 castrum
1011 1077 1267 1130 Baylialmss‚
1288 1078 1356 1118 Vl.
1381 1079 1478 1119 seria
1501 1094 1610 1133 prox.
1632 1084 1726 1133 post
1750 1080 1895 1120 festum
1912 1080 2046 1121 Mariae
2061 1082 2235 1135 Magdal.

414 1143 603 1176 Thorkelin
628 1145 793 1177 Analecta.
820 1156 850 1188 p.
880 1145 1048 1179 113—17.

281 1203 437 1253 [1903]
495 1205 849 1253 JAcom,'abbatis
878 1206 1000 1246 Ruris
1026 1208 1155 1260 Regii,
1185 1213 1224 1248 et
1252 1214 1471 1250 conventus
1500 1211 1634 1259 literae,
1665 1211 1809 1265 quibus
1839 1213 2027 1252 consules
2057 1218 2097 1253 et
2125 1215 2236 1253 cives
2271 1218 2328 1252 2⁷.
2363 1219 2459 1252 Julii.

19 1274 313 1315 Sleswicenses
343 1275 490 1316 liberos
521 1280 561 1315 et
590 1281 806 1316 excusatos
836 1277 1048 1324 dimittunt,
1078 1280 1228 1318 ratione
1251 1280 1447 1319 fructuum
1471 1280 1520 1320 de
1545 1283 1658 1321 terris
1683 1283 1781 1321 inter
1805 1282 1973 1322 Sleswic
1997 1287 2037 1322 et
2053 1283 2235 1336 Gottorp,

19 1344 181 1386 Stubbae
220 1344 360 1393 dictis,
405 1359 526 1399 quas,
568 1361 639 1400 per
676 1347 900 1399 complures
943 1360 1068 1387 annos
1109 1350 1240 1388 minus
1278 1352 1391 1403 juste
1433 1355 1668 1404 occupatas,
1712 1351 1818 1391 dicto
1855 1354 2095 1392 monasterio
2132 1367 2234 1393 nunc

20 1415 287 1455 reddiderunt.
317 1438 368 1444 —
398 1416 514 1456 Feria
544 1416 592 1456 Il.
621 1421 715 1470 post
745 1416 890 1455 festum
920 1416 958 1455 b.
986 1417 1126 1456 Jacobi
1155 1420 1339 1471 apostoli.

414 1487 651 1530 Pontoppidan
676 1487 814 1519 Annali.
841 1486 924 1519 eccl.
950 1488 1036 1520 Dan.
1062 1489 1106 1520 11.
1135 1488 1210 1521 128.

279 1548 437 1597 [1904]
495 1548 826 1589 Cfflus'rorflonr
862 1548 1063 1588 Danorum
1101 1551 1206 1602 regis
1243 1550 1364 1590 literae
1402 1551 1452 1591 de
1488 1553 1776 1605 compositione
1805 1554 1904 1593 inter
1932 1554 2059 1607 ipsum
2089 1558 2129 1593 et
2156 1554 2228 1594 Es·
2257 1559 2313 1593 26.
2332 1562 2489 1603 Augusti.

17 1632 152 1672 gerum
181 1617 526 1672 archiepiscopum
555 1619 813 1658 Lundensem
844 1618 986 1666 facta,⁷
1009 1619 1272 1671 praesentibus
1310 1623 1447 1661 nuntio
1485 1622 1598 1662 sedis
1633 1623 1863 1675 apostolicae
1891 1626 2080 1675 magistro
2108 1624 2231 1664 Bern-

16 1689 138 1730 nardo
181 1689 231 1729 de
274 1693 408 1729 monte
437 1689 608 1728 Valrano
652 1693 692 1729 et
734 1690 937 1742 episcopis
980 1689 1097 1728 Petro
1135 1689 1392 1741 Vibergensi,
1431 1691 1597 1731 Nicolao
1626 1692 1908 1745 Burglanensi,
1952 1694 2071 1733 Petro
2116 1694 2229 1733 Otto-

17 1761 166 1807 niensi,
195 1760 377 1800 Johanne
407 1760 674 1808 Slesvicensi‚
703 1759 858 1812 Esgero
888 1759 1125 1799 Arhusiensi
1155 1764 1195 1799 et
1223 1759 1402 1800 Johanne
1430 1762 1615 1815 Ripensi.
1658 1784 1711 1791 —
1752 1763 1984 1812 Roslsilde's,
2027 1763 2095 1802 lv.
2132 1764 2229 1804 seria

17 1835 113 1884 post
140 1830 288 1871 festum
315 1829 609 1869 Bartholomaei.

410 1899 582 1932 Hvitfeldt
613 1901 735 1932 Danm.
768 1899 877 1941 Riges
913 1900 1022 1932 Kron.
1055 1911 1087 1943 p.
1112 1899 1191 1932 416.
1226 1899 1298 1943 (ed.
1324 1899 1359 1933 in
1382 1901 1415 1934 4.
1441 1903 1480 1934 Τ.
1504 1902 1565 1935 111.
1597 1913 1629 1946 p.
1653 1902 1772 1946 2910.
1825 1903 1970 1936 Pontan.
1994 1905 2094 1937 Rerr.
2120 1904 2229 1937 Danu.

409 1962 501 1995 nist.
524 1961 621 1995 Libr.
646 1961 726 1995 VII.
750 1973 782 2004 p.
808 1961 976 1994 430—31.
1023 1962 1249 2004 Pontoppidan
1274 1963 1412 1996 Annali.
1438 1963 1521 1996 eccl.
1546 1965 1632 1996 Dan.
1656 1965 1701 1997 11.
1730 1964 1806 1996 125.

278 2023 425 2075 [1905]
484 2024 804 2064 Cnmsropnom
844 2024 948 2075 regis
983 2022 1121 2069 literae,
1167 2022 1312 2076 quihus
1339 2023 1541 2064 Kanutum
1578 2026 1718 2065 ducem
1755 2025 1973 2066 Hallandiae
2013 2031 2053 2066 et
2082 2026 2226 2066 Samso
2255 2029 2306 2063 11.
2337 2030 2462 2064 Novbr.

16 2093 162 2134 ducatu
188 2093 367 2134 Estoniae
397 2098 473 2134 etc.
503 2095 677 2134 investit.
710 2115 757 2122 —-
790 2093 1052 2146 Rinystadis,
1083 2092 1146 2131 die
1175 2092 1281 2132 beati
1308 2093 1468 2134 Martini
1498 2097 1691 2149 episcopi.

405 2164 487 2197 Vid.
513 2164 607 2198 infra
631 2164 672 2197 ad
699 2164 731 2196 d.
760 2163 811 2196 ll.
836 2163 1013 2196 Novembr.
1039 2173 1092 2195 an.
1122 2162 1220 2195 1329.

275 2225 432 2275 [1906.]
491 2226 651 2266 Statuta
687 2225 848 2278 capituli
885 2225 1077 2277 generalis
1115 2224 1264 2263 ordinis
1294 2224 1591 2265 Cisterciensis.
1662 2225 1682 2277 §
1718 2227 1764 2266 9:
1808 2217 1956 2274 “⁴1tem,
1999 2226 2047 2266 ab
2077 2228 2225 2267 unitate

14 2297 190 2350 corporis
219 2295 374 2336 videtur
403 2295 646 2344 abscedere,
690 2297 756 2349 qui
795 2294 954 2347 negligit
990 2294 1076 2333 loco
1114 2298 1154 2332 et
1181 2298 1358 2347 tempore
1388 2309 1502 2335 suum
1533 2300 1663 2348 caput.
1734 2296 1788 2336 Et
1816 2297 1905 2336 ideo
1935 2296 2146 2336 abhatibus
2174 2297 2224 2336 de

11 2365 150 2407 DAcm
180 2370 221 2406 et
246 2365 376 2405 Frisia
408 2365 483 2405 sub
507 2365 769 2420 depositionis
791 2379 917 2418 poena
941 2365 1174 2418 injungitur,
1203 2368 1246 2402 ut
1268 2363 1316 2404 de
1340 2364 1515 2416 qualibet
1538 2367 1807 2417 praedictarum
1830 2368 2115 2420 provinciarum
2145 2366 2223 2405 duo

13 2435 179 2480 abbates
194 2439 354 2476 veniant
368 2423 545 2491 quolibet
567 2451 668 2476 anno
686 2436 736 2474 ad
752 2435 987 2488 capitulum:
1019 2433 1191 2486 alioquin
1217 2438 1351 2473 contra
1367 2448 1501 2474 eorum
1519 2440 1786 2488 contemptum
1801 2436 1938 2475 durius
1953 2436 2222 2489 procedetur”.

405 2509 560 2540 Martene
583 2511 617 2540 et
638 2506 793 2540 Durand.
820 2505 987 2537 Thesaur.
1013 2513 1089 2535 nov,
1113 2503 1241 2536 Anecd.
1267 2505 1362 2536 Tom.
1386 2505 1451 2537 lv.
1479 2504 1578 2538 1508.

940 2617 1286 2668 1321—1330.
2254 2642 2478 2684 1321—30.

274 2686 431 2769 [1901.]
487 2719 720 2765 JonANNJs,
765 2717 940 2770 episcopi
976 2714 1281 2761 Roskildensis,
1323 2715 1463 2761 literae,
1507 2715 1651 2768 quibus
1690 2716 1882 2764 declarat,
1925 2717 2120 2769 Ruyanos
2156 2730 2219 2756 ec-

12 2790 143 2831 clesiae
157 2790 434 2837 Roskildensi,
463 2804 511 2829 ex
533 2789 740 2843 privilegio
756 2787 883 2826 eidem
909 2799 931 2824 a
948 2785 1139 2836 Gregorio
1165 2783 1420 2832 lX.-indulto,
1445 2783 1714 2838 obtemperare
1736 2785 1893 2826 debere.
1911 2808 1960 2815 —
1986 2787 2081 2826 Sine
2103 2800 2218 2827 anno.

403 2859 490 2895 Acta
501 2859 553 2892 lit.
566 2861 666 2892 Svec.
683 2857 780 2890 1729.
796 2868 827 2900 p.
840 2855 920 2889 600.
954 2855 1139 2896 Langehek
1152 2854 1290 2897 Scriptt.
1304 2854 1383 2886 vu.
1401 2853 1476 2887 147.
1525 2854 1599 2887 Cfr.
1615 2855 1718 2887 Suhm
1733 2855 1823 2889 nist.
1838 2856 1879 2888 af
1887 2857 2034 2889 Danmk.
2045 2856 2125 2889 XII.
2137 2855 2217 2889 216.

1037 2949 1182 2999 1322.
2288 2976 2406 3016 1322.

272 3051 429 3102 [1908]
484 3051 650 3098 Literae,
679 3049 824 3104 quibus
850 3048 1066 3093 Emmaus,
1096 3045 1419 3099 archiepiscopus
1440 3045 1684 3094 Lundensis,
1711 3047 1976 3100 parochialem
2006 3049 2216 3089 ecclesiam
2241 3059 2297 3094 29,
2321 3061 2450 3094 Mum,

10 3122 48 3162 in
75 3121 330 3176 Kopinghe,·
358 3125 546 3176 quantum
574 3121 625 3160 ad
654 3121 850 3166 decimas,
893 3117 1045 3157 reditus
1081 3121 1121 3155 et
1156 3120 1393 3168 proventus,
1434 3115 1651 3168 praebendae
1689 3115 1968 3171 Gyurtshfigh,
2019 3132 2134 3172 quam
2178 3121 2216 3158 in

8 3189 213 3232 Lundensi
241 3192 413 3232 ecclesia
441 3192 628 3231 canonice
657 3190 840 3229 dominus
868 3187 1004 3226 Tucho
1034 3186 1254 3238 Hemmingi
1283 3184 1333 3225 de
1364 3184 1553 3226 Lalandia
1582 3190 1711 3234 tenet,
1749 3189 1934 3228 annectit.
1956 3211 2006 3219 —
2037 3189 2213 3238 Laudis,

4 3260 107 3318 *feria
134 3260 183 3301 ll.
211 3263 388 3315 proxima
416 3264 512 3314 post
540 3260 774 3300 dominicam
802 3257 1018 3311 passionis.

404 3330 511 3364 Suhm
536 3329 625 3363 nist.
653 3329 694 3362 af
714 3328 860 3361 Danmk.
884 3326 968 3360 Xll.
992 3324 1162 3358 350—51.
