2649 3686
312 158 378 207 90
987 148 1140 196 Koxc
1174 143 1463 190 VALDEMAR
1498 153 1595 185 DEN
1629 134 1833 182 Axnssx.

313 217 2524 257 ἡβᾷ-μμ

127 341 246 382 1218,
576 327 704 376 [651.]
760 324 948 364 Ηοκοιιιι
981 316 1108 369 (lllffi)
1134 328 1245 370 papae
1274 311 1324 351 ad
1351 307 1608 349 Lundensem
1635 304 1978 357 archiepiscopum
2008 302 2153 349 literae,
2182 305 2254 340 “ut
2276 300 2526 346 infecciesiis

95 412 146 446 15.
180 409 277 450 Maji.
315 401 524 453 provinciae
563 398 697 445 (suae),
735 394 802 434 ubi
832 392 965 432 vicarii
994 387 1174 443 perpetui
1202 385 1361 437 propter
1389 378 1621 417 tenuitatem
1651 374 1909 413 ecclesiarum
1937 373 2031 426 poni
2059 386 2136 411 non
2171 374 2364 424 possunt,
2406 370 2528 410 faciat

316 469 509 525 provideri
538 482 606 520 per
636 465 748 511 ilios,
778 462 827 502 ad
858 474 958 514 quos
987 471 1119 498 eorum
1149 452 1345 494 institutio
1373 444 1609 500 pertinebit,
1646 445 1762 496 juxta
1801 442 1907 494 quod
1943 442 2025 481 fieri
2062 442 2273 481 consuevit
2307 445 2398 481 ante
2436 454 2526 480 con-

319 542 451 582 cilium
481 535 699 591 gencrale’'.
730 555 778 561 ——
809 532 971 577 Romte,
1003 526 1096 567 idib.
1124 523 1245 576 Maji,
1274 518 1412 574 pontif.
1442 529 1543 554 anno
1571 512 1762 552 secundo.

710 602 813 635 Suhm
839 599 930 632 nist.
957 597 997 630 as
1018 595 1162 628 Danmk.
1187 593 1248 625 IX.
1275 589 1353 622 751.
1400 585 1580 626 Liljegren
1603 583 1828 626 Diplomatar.
1856 584 2000 616 Svecan.
2027 583 2055 615 Ι.
2080 592 2136 614 110.
2165 581 2242 613 175.
2266 591 2300 623 p.
2327 579 2405 612 196.

98 678 148 710 16.
186 675 282 716 Maji.
578 666 702 716 [652]
759 662 945 702 Hoxonu
983 654 1105 706 (mni)
1143 666 1253 707 papae
1290 649 1416 694 bulla,
1459 659 1536 698 qua
1565 645 1740 684 universi
1770 645 2034 696 crucesignati
2066 643 2293 689 Teutoniae,
2329 641 2528 688 Βοὲῐῃίεε,

319 742 525 785 Moraviae,
554 738 729 780 Daciffl,
759 731 931 771 Poloniae
962 731 1001 766 et
1028 723 1289 766 Pomeraniae,
1325 718 1373 757 ad
1403 715 1629 755 subsidium
1659 713 1920 753 Prutenorum
1949 714 2272 766 proficiscentes,
2307 707 2534 757 monentur,v

320 827 368 850 ne
398 809 520 848 ..lucri
551 804 778 856 temporalis
808 798 979 853 gratia”,
1022 795 1094 834 sed
1124 787 1391 831 tantummodo
1430 790 1543 838 “quaa
1580 784 1730 824 Christi
1760 783 1888 833 (sunt)
1924 783 2194 837 quaerentes”,
2237 782 2528 835 expeditionem

321 882 531 920 cruciatam
561 875 792 927 suscipiant.
823 890 872 897 -
899 867 1058 912 Romce,
1089 863 1240 901 decimo
1271 858 1443 910 septimo
1473 854 1626 894 calend.
1654 854 1785 901 Junii,
1814 855 1956 908 pontif.
1986 868 2087 893 anno
2119 852 2310 893 secundo.

709 940 815 980 Voigt
840 937 952 970 Codex
977 931 1211 977 diplomaticus
1236 927 1421 961 Prussicus
1446 927 1474 958 Ι.
1498 935 1553 958 110.
1579 925 1643 958 VI.
1668 935 1699 968 p.
1726 925 1761 957 8.

102 1024 153 1056 10,
187 1022 285 1063 Maji.
580 1004 703 1052 [653]
759 1001 902 1040 Literae
930 996 1120 1035 Hoxoan
1160 988 1284 1040 (lllffi)
1323 1002 1458 1041 papae,
1510 986 1656 1040 quibus
1685 986 1889 1026 confirmat
1916 985 2124 1040 privilegia
2159 988 2236 1024 etc.
2275 983 2456 1024 ecclesiae
2492 983 2530 1023 h.

322 1080 478 1120 Thomas
509 1077 557 1115 de
588 1071 797 1114 paraclito.
829 1090 877 1096 —
907 1067 1067 1113 Romce,
1096 1060 1247 1102 XVlll.
1278 1059 1350 1098 cal.
1379 1059 1502 1098 Junii.

711 1138 897 1180 Langebek
922 1134 1060 1177 Scriptt.
1085 1133 1147 1165 Vl.
1176 1130 1344 1162 148-50.

99 1216 154 1253 28.
188 1212 283 1253 Maji.
578 1204 702 1251 [654]
760 1200 904 1239 Literae
941 1196 1129 1235 Hom-0311
1175 1189 1302 1241 (Illffi)
1343 1204 1456 1244 papae
1499 1191 1551 1230 ad
1587 1189 1933 1243 archiepiscopum
1967 1187 2246 1235 Lundensem,
2298 1188 2533 1241 episcopum

319 1277 624 1319 Roskildensem
655 1276 694 1311 et
721 1270 902 1310 abbatem
932 1266 981 1305 de
1009 1262 1245 1309 Heriwado,
1275 1261 1325 1300 de
1355 1260 1589 1314 inquirenda
1618 1262 1784 1300 veritate
1814 1263 1894 1298 tam
1924 1258 1973 1298 de
2003 1260 2085 1297 vita
2116 1272 2231 1312 quam
2257 1258 2306 1298 de
2330 1257 2534 1298 miraculis

319 1348 519 1387 wilhelmi
549 1343 703 1383 abbatis
733 1340 782 1379 de
810 1336 1021 1378 paraclito.
1052 1355 1101 1362 -
1132 1333 1272 1373 Romae
1301 1332 1416 1384 apud
1443 1330 1490 1370 S.
1519 1330 1716 1377 Petrum,
1745 1329 1796 1368 V.
1827 1329 1900 1369 cal.
1931 1329 2053 1368 Junii.

705 1411 809 1444 Suhm
834 1407 923 1440 nist.
950 1406 989 1438 af
1010 1404 1157 1438 Danmk.
1182 1403 1245 1436 IX.
1270 1401 1442 1436 752—53.

102 1496 155 1527 28,
188 1493 283 1533 Maji.
579 1475 706 1523 [655]
763 1470 951 1509 Hoxonu
992 1463 1116 1514 (lllffi)
1152 1478 1264 1518 papae
1295 1463 1344 1502 ad
1380 1463 1639 1502 Lundensem
1669 1461 2018 1515 archiepiscopum
2055 1464 2096 1500 et
2133 1460 2409 1521 suffraganeos
2445 1460 2536 1512 ejus

319 1550 451 1594 litcrae,
475 1550 518 1585 ut
541 1543 769 1584 sacerdotes
792 1544 831 1579 et
853 1538 984 1578 clerici
1011 1538 1048 1575 in
1073 1536 1211 1574 causis
1235 1533 1452 1586 probandis
1476 1547 1553 1572 non
1571 1534 1648 1572 nisi
1664 1532 1777 1571 bonae
1794 1532 1906 1571 samae
1922 1532 2030 1570 viros
2046 1531 2274 1578 adhibeant,
2300 1544 2389 1570 cum
2405 1531 2443 1569 in
2461 1529 2536 1568 hac

320 1633 360 1658 re
377 1618 522 1656 multos
538 1614 690 1654 abusus
706 1614 804 1651 inter
819 1610 985 1648 clericos
999 1607 1136 1646 Daniae
1154 1619 1247 1644 esse
1264 1604 1500 1643 audivisset.
1516 1626 1570 1632 —-
1584 1603 1736 1651 Romoe,
1766 1602 1816 1640 V.
1834 1602 1907 1641 cal.
1923 1601 2044 1647 Junii,
2068 1601 2209 1654 pontif.
2226 1614 2327 1640 anno
2345 1600 2536 1640 secundo.

707 1681 882 1722 Liijegren
908 1679 1131 1721 Diplomatar.
1156 1678 1302 1708 Svecan.
1334 1675 1361 1707 Ι.
1393 1684 1448 1706 110.
1477 1674 1554 1707 176.
1586 1685 1618 1717 p.
1648 1673 1724 1708 196.
1783 1673 1859 1706 cfr.
1890 1672 2064 1705 Decretal.
2094 1672 2140 1705 II.
2175 1671 2229 1705 19.
2265 1671 2320 1705 12.
2342 1669 2538 1724 ‘Raynaldi

712 1743 845 1777 Contin.
870 1744 993 1774 Baron.
1019 1740 1060 1771 ad
1085 1738 1119 1771 h.
1146 1748 1177 1770 a.
1202 1739 1280 1770 XL.

108 1815 157 1849 15.
183 1812 286 1845 Junii.
582 1806 710 1855 [656]
767 1804 958 1844 Hoxonu
996 1799 1121 1850 (lllffi)
1165 1808 1278 1853 papae
1315 1799 1366 1838 ad
1401 1797 1747 1850 archiepiscopum
1786 1795 2045 1835 Lundensem
2085 1796 2140 1843 (et
2175 1795 2312 1848 plures
2348 1794 2539 1847 archiepi-

323 1880 486 1933 scopos)
514 1878 655 1924 literae,
684 1880 728 1915 ut
762 1876 869 1913 viros
898 1873 1065 1912 idoneos
1095 1870 1145 1910 ad
1174 1870 1290 1908 fidem
1319 1868 1575 1908 christianam
1606 1869 1643 1906 in
1672 1867 1840 1906 Prussia
1869 1865 2164 1919 propagandam
2194 1866 2373 1912 mittant,
2404 1868 2444 1904 et
2471 1878 2539 1917 pe-

324 1951 461 1989 cunias
505 1950 543 1987 in
586 1946 915 1986 sustentationem
958 1955 1091 1982 eorum
1133 1944 1173 1980 et
1209 1941 1247 1979 in
1288 1938 1513 1978 scholarum
1552 1941 1729 1976 sumtum
1765 1937 1974 1988 colligant,
2017 1939 2061 1974 ut
2097 1936 2135 1974 in
2177 1936 2228 1974 iis
2268 1934 2422 1974 scholis
2450 1934 2538 1973 filiae

312 2021 583 2064 Pmssomm,
626 2029 724 2070 quas
754 2014 980 2066 ceteroquin
1008 2014 1193 2065 parentes
1223 2022 1365 2049 necare
1392 2011 1691 2054 consveverint,
1735 2007 1894 2046 educari
1922 2007 2095 2059 possint.
2127 2029 2176 2035 —-
2206 2006 2369 2054 Romoe,
2407 2003 2538 2044 XVII.

325 2089 474 2129 calend.
502 2089 616 2135 Julii,
645 2084 784 2139 pontif.
814 2098 913 2123 anno
944 2081 1131 2121 secundo.

715 2155 890 2196 Liijegren
913 2152 1136 2196 Diplomatar.
1162 2153 1308 2184 Svecan.
1331 2151 1360 2183 Ι.
1386 2159 1441 2182 110.
1470 2148 1545 2181 177.
1574 2159 1604 2190 p.
1633 2146 1803 2179 197-98.

110 2231 142 2263 9.
169 2232 283 2264 Octbr.
585 2218 712 2266 [657]
769 2216 913 2255 Literae
952 2226 1072 2254 PAPAE
1112 2213 1162 2276 ad
1191 2226 1323 2265 regem
1351 2211 1649 2250 XValdemarum
1679 2209 1728 2248 de
1759 2213 1880 2255 terra,
1923 2221 2039 2261 quam
2070 2206 2120 2246 de
2147 2219 2390 2259 paganorum
2421 2208 2541 2246 mani-

327 2290 402 2329 bus
432 2290 620 2343 eriperet,
649 2301 767 2338 regno
796 2285 931 2324 Daniae
962 2284 1225 2337 subjicienda.
1257 2305 1306 2310 —
1337 2282 1559 2327 Laterani,
1590 2279 1676 2319 Vll.
1707 2279 1799 2318 idus
1829 2277 1967 2317 Octbr.

717 2356 821 2389 Suhm
846 2355 936 2388 nist.
962 2355 1002 2387 af
1022 2354 1169 2386 Danmk.
1194 2354 1257 2386 IX.
1284 2352 1458 2385 750—51.

153 2499 253 2536 1219
1229 2453 1360 2502 1219
1396 2452 1472 2500 vel
1509 2461 1628 2499 ante.

120 2567 168 2599 vel
201 2572 286 2599 ante.
588 2556 716 2604 [658]
775 2553 987 2592 GnRvAsn
1028 2551 1185 2590 abbatis
1221 2550 1616 2590 Praemonstratensis
1652 2549 1796 2593 literae,
1840 2545 2063 2585 “Cardinali
2094 2547 2287 2599 episcopo
2312 2544 2542 2588 Londensi''

334 2626 512 2672 (Andreae
537 2626 727 2672 Sunonis)
756 2625 903 2668 missae,
933 2627 977 2661 ut
1004 2622 1055 2661 Η.
1086 2622 1211 2661 abbas
1240 2621 1289 2660 de
1320 2619 1557 2672 Tumetolph
1587 2617 1862 2669 (Tumethorp)
1893 2616 2276 2654 “administrationis
2302 2629 2384 2654 suae
2410 2615 2541 2654 officio

334 2696 493 2746 pacifice
523 2695 709 2745 gaudeat,
753 2698 870 2746 atque
899 2692 1035 2745 plene,
1081 2696 1120 2731 et
1149 2696 1228 2730 tam
1259 2692 1297 2729 in
1326 2691 1468 2743 majori
1497 2690 1629 2735 altari,
1675 2701 1791 2741 quam
1821 2685 2044 2738 ubicunque
2074 2698 2244 2723 necesse
2273 2685 2410 2732 fuerit,
2455 2699 2543 2725 cum

338 2777 381 2801 ea
412 2765 678 2810 solemnitate,
707 2777 784 2815 qua
814 2762 928 2800 decet
955 2761 1156 2814 przelatum
1187 2761 1319 2800 divina
1349 2760 1479 2799 officia
1508 2758 1745 2798 celebrare'‘.

722 2831 875 2873 lingonis
901 2841 1000 2864 sacra
1025 2831 1155 2874 antiqu.
1181 2841 1327 2864 monum.
1355 2832 1451 2863 Tom.
1478 2831 1504 2863 1.
1530 2840 1563 2872 p.
1592 2829 1668 2860 108.
1725 2827 1800 2860 Cfr.
1826 2825 1931 2858 Suhm
1959 2824 2046 2857 Hist.
2072 2825 2112 2857 af
2133 2826 2280 2858 Danmk.
2306 2827 2367 2860 IX.
2394 2825 2473 2860 245.

156 2956 268 2995 1219.
1351 2931 1500 2979 1219.

116 3040 169 3072 26.
205 3038 299 3078 Maji.
600 3027 722 3073 [659]
780 3026 967 3066 Hoxoml
999 3025 1119 3077 (llltii)
1149 3042 1260 3080 papae
1282 3029 1332 3068 ad
1355 3028 1620 3068 Christianum
1643 3023 1820 3063 Prusciae
1842 3024 2077 3075 episcopum
2101 3021 2235 3068 literae,
2264 3022 2330 3062 ubi
2356 3027 2544 3075 “guerras

343 3101 382 3136 ct
419 3096 643 3133 inimicitias
679 3095 890 3146 pestiferas
919 3110 964 3136 ae
993 3098 1199 3136 mortales-‘³
1238 3100 1338 3137 inter
1367 3098 1608 3137 “DANORUM
1638 3107 1783 3132 Rsscnu
1815 3093 2006 3131 illustrem
2037 3095 2076 3131 et
2106 3091 2156 3130 Ο.
2189 3092 2237 3131 de
2266 3092 2544 3132 Lunemburch

344 3169 523 3216 nepotem
555 3165 682 3216 ipsius
711 3178 756 3202 cx
787 3170 894 3216 parte
924 3180 1020 3212 una,
1064 3170 1103 3205 et
1132 3166 1301 3206 nobilem
1330 3169 1457 3206 virum
1487 3163 1754 3204 marchionem
1785 3161 2181 3214 Brandehurgensem
2219 3176 2266 3201 ex
2297 3163 2442 3202 altera”
2480 3178 2544 3203 ex-

345 3240 449 3274 ortas
492 3238 787 3280 commemorat,
831 3236 1107 3290 conceditque,
1151 3240 1193 3275 ut
1235 3239 1470 3277 auctoritate
1500 3233 1721 3291 apostolica
1760 3232 1809 3272 de
1847 3232 2095 3273 matrimonio
2126 3233 2225 3273 inter
2255 3232 2474 3282 O(ttonem)
2505 3236 2545 3272 et
