2649 3686
680 128 833 177 Koxo
870 127 1214 179 Cnmswopmm
1249 147 1346 179 DEN
1380 130 1587 179 Fons'm.
2145 138 2243 188 127

295 296 425 347 [992]
483 298 729 348 Smxowis),
769 303 960 354 capitanei
991 305 1085 356 regii
1116 308 1156 344 et
1179 302 1330 357 judicis
1358 304 1554 353 Revalioe,
1593 306 1830 357 compositio
1861 306 1940 345 litis
1970 312 2112 347 exorta}
2149 311 2246 349 inter
2318 310 2432 350 1257.

34 365 213 406 abbatem
243 371 559 421 conventumque
589 368 638 407 de
667 370 929 411 Dunamunde
958 378 998 413 et
1026 375 1209 414 homines
1246 375 1295 414 de
1325 374 1448 414 Padis
1474 389 1522 414 ex
1553 389 1629 414 una
1667 381 1707 414 et
1734 375 1946 415 Henricum
1984 376 2032 416 de
2063 378 2244 420 Skewele
2268 378 2325 410 28.
2351 380 2488 422 Apu-inin.

34 442 73 478 et
102 437 252 477 incolas
281 437 331 477 de
359 436 493 476 Athen
527 451 574 476 ex
604 439 725 478 altera
756 447 865 494 parte
895 458 1015 496 super
1044 446 1281 498 piscationis
1304 447 1408 498 jure.
1448 466 1497 474 —
1534 445 1741 495 Revalice,
1785 446 1848 486 die
1877 447 2022 485 vitalis
2050 451 2244 500 martyris.

427 507 617 541 'l'borkelin
643 509 867 552 Diplomutar.
892 516 1132 556 Arna—Magn.
1157 516 1184 548 1.
1209 515 1288 548 310.

294 567 420 617 [993.]
480 568 811 612 Cunis’rornonr
843 576 948 626 regis
979 577 1118 624 literae,
1162 576 1304 630 quihus
1332 576 1536 630 prohibet,
1580 591 1628 616 ne
1659 579 1748 630 quis
1778 578 1883 617 litem
1922 578 2020 617 inter
2048 583 2242 618 monaste·
2288 582 2321 614 2.
2359 585 2456 624 Maji.

34 640 129 678 rium
165 637 263 678 Loci
291 639 366 678 Dei
404 643 444 678 et
482 639 681 680 dominum
718 642 926 683 Ubbonem
963 647 1081 685 tilium
1119 647 1362 694 Thordonis,
1406 661 1527 700 super
1568 647 1803 700 quibusdam
1840 649 2171 700 possessionibus
2210 652 2246 689 in

32 709 178 756 Reme,
201 710 286 763 jam
316 710 491 761 legitime
522 712 765 752 terminatam
796 728 843 752 ex
874 729 974 754 novo
1004 718 1201 756 suscitare
1226 721 1449 770 praesumat,
1481 717 1542 756 vel
1567 718 1792 770 praedictum
1816 720 2099 759 monasterium
2123 734 2245 773 super

32 780 258 819 memoratis
286 779 617 832 possessionibus
646 782 832 822 molestet
861 784 910 823 (le
939 790 1085 825 cetcm.
1116 809 1164 815 —-
1196 787 1337 840 Ripz's,
1367 787 1435 826 Vl.
1466 801 1592 827 nonas
1621 788 1732 841 Maji.

422 851 613 892 Langebek
639 851 780 895 Scriptt.
806 855 903 887 Vlll.
929 856 1007 888 2:32.

291 911 419 960 [994]
479 912 803 954 ΟΗιιιεΤοΡΗοκι
835 917 938 968 regis
968 918 1105 964 literae,
1135 918 1278 971 quibus
1307 919 1525 959 monachos
1554 919 1603 959 de
1632 919 1743 959 Loco
1772 920 1867 967 Dei,
1897 921 1960 959 “si
1990 934 2162 973 unquam
2193 922 2243 960 ad
2292 924 2324 955 3-
2364 925 2458 963 Maji.

29 985 181 1035 portum
212 985 389 1021 nostrum
421 983 458 1021 in
489 982 650 1035 Openra
690 998 777 1023 cum
814 986 980 1026 navibus
1019 990 1103 1027 suis
1140 990 1416 1041 applicuerint,
1460 991 1546 1029 sive
1582 989 1631 1029 ad
1669 990 1770 1029 alios
1807 1004 2066 1043 quoscunque
2102 995 2241 1044 portus

29 1052 126 1092 infra
155 1052 346 1101 terminos
385 1054 492 1104 regni
531 1054 676 1101 nostri,
720 1054 768 1094 ab
806 1056 909 1094 omni
947 1058 1145 1098 solutione
1183 1059 1352 1099 thelonei
1390 1059 1562 1099 liberos'’
1601 1060 1762 1100 dimittit
1797 1065 1865 1100 “et
1903 1063 2151 1114 exemptos'l
2189 1085 2238 1090 —

29 1122 168 1176 Ripz's,
197 1121 248 1161 V.
278 1136 404 1162 nonas
433 1122 546 1176 Maji.

419 1193 606 1234 Langebek
631 1194 767 1238 Scriptt.
795 1197 874 1229 Vll.
899 1197 1070 1231 326-27.
1094 1199 1191 1232 vm.
1215 1199 1290 1232 178.
1338 1200 1528 1233 Michelsen
1542 1200 1865 1233 Urkundensamml.
1889 1201 1915 1235 1.
1937 1200 1994 1234 79.
2043 1202 2237 1236 Cfr.Suhm

419 1254 499 1287 nist
523 1256 564 1287 af
583 1257 731 1289 Danmk.
756 1258 801 1290 X.
827 1259 883 1290 77.

287 1315 415 1365 [995]
475 1316 799 1358 Cnmsropnom
832 1321 937 1371 regis
967 1320 1106 1368 literae,
1136 1322 1277 1374 quibus
1307 1324 1553 1362 continentur
1582 1327 1669 1363 acta
1699 1323 1905 1362 divisionis
1935 1328 1975 1362 et
2003 1326 2239 1366 scotationis
2286 1334 2319 1365 8.
2355 1334 2450 1366 Julii.

26 1388 212 1428 bonorum
237 1385 474 1439 Yngaerthoe‚
499 1389 714 1428 comitissae
740 1389 788 1429 de
812 1390 1066 1442 Regenstein.
1087 1414 1131 1420 —-
1155 1391 1484 1445 Copmcmhaven,
1510 1394 1546 1431 in
1570 1394 1665 1432 eccl.
1690 1393 1728 1432 b.
1752 1393 1938 1445 Virginis,
1963 1393 2067 1434 Vlll.
2092 1396 2142 1435 id.
2157 1397 2236 1435 Jul.

416 1457 604 1491 Thorkelin
630 1460 856 1503 Diplomatar.
883 1463 1116 1502 Arna-Magn.
1144 1462 1169 1494 l.
1197 1462 1275 1495 217.

285 1519 404 1569 [996.]
461 1520 714 1561 ALEXANDRI
754 1521 866 1573 (lvtf)
903 1536 1013 1576 papae
1049 1524 1287 1562 confirmatio
1324 1537 1444 1576 super
1478 1524 1808 1578 possessionibus
1844 1527 1880 1563 in
1919 1524 2058 1577 Glym,
2102 1541 2233 1568 mona·
2274 1527 2325 1560 16·
2365 1529 2459 1562 Julii.

24 1593 144 1632 sterio
173 1591 212 1632 b.
241 1591 377 1632 Mariae
406 1590 669 1631 Roskildensi
698 1591 747 1631 ab
783 1591 988 1632 Absalone
1024 1595 1214 1646 episcopo
1251 1593 1508 1633 Roskildensi
1547 1594 1704 1634 oblatis.
1750 1617 1797 1622 —
1850 1594 2046 1645 Viterbic',
2091 1597 2233 1645 (XVH.

23 1663 112 1712 cal.)
140 1664 338 1716 Augusti,
367 1664 506 1716 pontis.
537 1677 638 1702 anno
669 1664 799 1702 tertio.

413 1733 601 1766 'l'horkelin
627 1733 850 1776 Diplomatar.
876 1733 1112 1774 Arna-Magn.
1138 1735 1164 1766 Ι.
1190 1745 1222 1777 p.
1247 1727 1326 1766 221.
1377 1734 1452 1766 cfr.
1475 1733 1579 1765 Suhm
1609 1733 1700 1766 nist.
1726 1735 1766 1767 af
1786 1735 1934 1772 Danmk.
1960 1736 2005 1768 X.
2030 1736 2109 1769 3710.

282 1794 402 1846 [997.]
459 1796 721 1835 Amexawnm
755 1792 871 1849 (lvtf)
901 1808 1012 1848 papae
1041 1795 1164 1842 bulla,
1194 1809 1271 1848 qua
1299 1789 1501 1834 confirmat
1529 1794 1778 1834 donationem
1802 1797 2042 1848 quarundam
2065 1812 2228 1850 posses-
2270 1806 2320 1839 16.
2358 1808 2455 1840 Julii.

21 1866 189 1912 sionum,
219 1864 268 1904 ab
298 1865 517 1913 Absalone,
546 1866 845 1919 archiepiscopo
874 1865 1092 1912 Lundensi‚
1122 1867 1360 1904 monasterio
1390 1866 1460 1904 S¹²
1486 1864 1618 1904 Mariae
1634 1865 1891 1905 Roskildeusi
1917 1866 2147 1908 oblatarum.
2179 1892 2227 1898 —

30 1934 224 1984 Viterbe'i,
253 1934 382 1974 XVII.
413 1936 564 1975 calend.
594 1937 701 1987 Aug.
730 1936 872 1988 pontif.
902 1950 1002 1974 anno
1035 1937 1163 1974 tertio.

416 2006 604 2038 Tborkelin
637 2006 864 2049 Diplomatar.
889 2007 1125 2046 Arna-Magn.
1151 2007 1179 2038 Ι.
1204 2005 1283 2037 219.

279 2066 409 2116 [998.]
466 2067 723 2107 ΑιΛ-ιΧΑκυιιι
756 2066 870 2117 (lvti)
900 2082 1010 2120 papae
1041 2067 1179 2114 literae,
1210 2067 1355 2119 quibus
1383 2067 1582 2120 prohibet,
1612 2082 1660 2107 ne
1690 2067 1876 2107 mulieres
1906 2069 2108 2109 seculares
2139 2071 2223 2109 sine
2261 2075 2316 2108 20.
2355 2062 2449 2109 julii.

19 2137 181 2190 speciali
211 2138 322 2178 sedis
351 2138 582 2190 apostolicae
612 2138 771 2177 licentia
800 2139 1078 2176 monasterium
1110 2138 1179 2176 S2ae
1204 2137 1337 2176 Mariae
1365 2137 1636 2176 Roskildense
1666 2137 1814 2189 ingredi
1845 2138 2014 2177 audeant
2037 2139 2111 2178 sub
2136 2154 2225 2179 ana-

19 2207 204 2248 thematis
233 2209 552 2262 comminatione.
584 2231 631 2236 —
673 2207 868 2257 Virerbiz',
901 2207 1011 2246 Xlll.
1041 2207 1114 2247 cal.
1145 2207 1248 2259 Aug.
1276 2207 1417 2260 pontif.
1447 2220 1547 2245 anno
1578 2208 1704 2245 tertio.

411 2278 597 2311 Thorkelin
624 2278 848 2321 Diplomatar.
873 2280 1111 2318 Arna—Magn.
1138 2277 1162 2309 1.
1188 2289 1220 2320 p.
1244 2277 1323 2309 220.

279 2340 402 2390 [999.]
459 2341 711 2380 Amxmvnru
748 2338 861 2389 (lVfi)
896 2354 1005 2392 papae
1042 2339 1145 2378 bulla
1174 2338 1429 2390 prohibitoria
1458 2337 1508 2376 ad
1538 2339 1766 2390 episcopum
1797 2338 2125 2387 Roskildensem,
2156 2355 2224 2388 ne,
2261 2353 2316 2386 26,
2351 2356 2446 2388 Juni,

16 2410 147 2449 invitis
175 2410 361 2450 fratribus
390 2411 439 2450 de
478 2412 600 2457 Sora,
644 2410 858 2456 ecclesias,
890 2411 979 2462 jure
1008 2412 1240 2462 patronatus
1276 2407 1327 2447 ad
1367 2408 1456 2447 illos
1491 2409 1754 2461 pertinentes,
1797 2409 1912 2447 alicui
1947 2410 2134 2449 conferat.
2173 2432 2222 2439 —

25 2479 218 2529 Viterbii,
247 2479 335 2520 Vll.
365 2480 516 2539 calend.
545 2482 738 2533 Augusti,
768 2480 905 2533 pontis.
935 2493 1035 2517 anno
1066 2480 1193 2517 tertio.

411 2551 599 2583 Tborkelin
623 2551 846 2594 Diplomatar.
871 2552 1104 2590 Arna-Magn.
1129 2550 1156 2581 Ι.
1183 2559 1215 2590 p.
1240 2547 1319 2580 222.

278 2612 423 2664 [1000.]
481 2612 642 2660 Literae,
671 2612 814 2665 quibus
842 2612 1012 2650 Vmomz
1044 2610 1353 2649 Tounssnmssiiw
1393 2611 1432 2646 et
1468 2621 1565 2646 uxor
1600 2608 1690 2659 ejus
1720 2607 1892 2648 SwNNAE
1930 2614 2063 2651 notum
2102 2614 2221 2652 omni·
2246 2619 2278 2651 4.
2302 2622 2458 2662 Augusti.

2 2680 91 2721 'hus
120 2682 289 2730 faciunt,
320 2696 366 2722 se
395 2683 596 2722 canonicis
625 2683 852 2721 monasterii
885 2683 924 2736 inv
949 2679 1162 2720 Ebblebolt
1185 2678 1287 2718 hona
1317 2676 1494 2731 quaedam
1524 2678 1559 2715 in
1589 2676 1823 2730 Skaevinghe
1853 2681 1929 2718 sita
1965 2679 2139 2721 dedisse.
2171 2705 2219 2710 -—

19 2751 318 2806 Slanqlcetorp,
348 2752 517 2791 sabbato
547 2756 638 2791 ante
668 2752 813 2791 festum
842 2751 880 2790 h.
909 2751 1108 2789 Laurentii
1137 2748 1332 2800 martyris.

407 2822 594 2863 Langcbek
620 2822 758 2865 Scriptt.
784 2822 846 2854 Vl.
875 2820 1064 2853 161—62..

275 2883 431 2933 [1001.]
489 2884 746 2923 ALEXANnm
779 2882 892 2931 (lvo)
919 2895 1029 2935 papae
1058 2879 1276 2934 privilegia,
1306 2878 1398 2917 data
1426 2879 1666 2919 monasterio
1696 2879 1766 2918 Stae
1782 2879 1916 2920 Mariae
1931 2881 2217 2922 Roskildis.—
2248 2887 2299 2920 13.
2320 2891 2477 2931 Augusti.

24 2950 217 3002 Viterbii,
247 2953 300 2992 id.
333 2954 522 3006 Augusti,
551 2954 762 2993 indictione
790 2953 881 2991 XV.
907 2951 1043 3005 pontis.
1074 2962 1175 2988 anno
1206 2949 1333 2987 tertio.

405 3024 595 3056 Thorkelin
619 3024 842 3067 Diplomatar.
867 3023 1103 3061 Arna-Magn.
1128 3021 1154 3052 1.
1180 3029 1211 3061 p.
1238 3017 1316 3050 223.

274 3095 420 3147 [1002.]
478 3096 805 3135 Cunusropnom
849 3095 954 3146 regis
995 3093 1134 3138 literae,
1188 3091 1330 3145 quibus
1358 3092 1555 3132 civitatem
1586 3091 1761 3132 Revaliae
1792 3093 1881 3146 jure
1910 3092 2136 3135 Lubecensi
2164 3096 2220 3135 uti
2248 3097 2276 3130 l·
2317 3098 2452 3132 Octobr.

11 3162 138 3216 jubet.
169 3187 215 3193 —
247 3165 389 3220 Ripz’s,
419 3166 572 3205 calend.
603 3165 806 3205 Octobris.

406 3235 594 3269 Thorkelin
618 3235 843 3280 Diplomatar.
868 3234 1103 3274 Arna-Magn.
1129 3231 1156 3264 l.
1181 3240 1211 3273 p.
1239 3228 1318 3263 309.
