2649 3686
163 301 281 340 1387.

92 370 147 402 21.
173 369 330 411 Augusti.

95 564 150 595 22.
175 561 334 603 Augusti.

97 836 153 869 31.
174 835 331 877 Augusti.

123 1314 178 1345 21.
205 1312 331 1354 Scplbr.

116 1653 170 1684 26.
195 1650 328 1684 Octobr.

110 2267 165 2299 26.
192 2266 328 2299 Octobr.

129 2537 171 2568 24
183 2562 190 2568 .
215 2539 240 2568 N
249 2538 339 2569 ovlfl'.

134 2934 166 2966 5.
202 2933 338 2965 Januar.

352 131 448 180 328
1147 128 1416 174 l)RoNNTNe
1449 122 1741 169 RAEARGRETE.

352 302 461 341 there
491 301 773 353 sulmeehtighe
803 301 925 339 fruwe
955 300 1004 337 ok
1032 298 1085 336 tel
1115 293 1325 334 husbunde
1356 292 1407 330 ok
1433 291 1486 329 tel
1517 293 1657 341 gantze
1685 289 1866 341 Righens
1896 290 1938 328 as
1961 289 2162 328 Danmark
2190 287 2479 339 formyn(lere’'.
2507 309 2554 315 —

356 372 595 423 Rinqscetlt,
624 385 674 424 pa
703 370 793 409 then
825 367 1071 418 othensdagh
1100 367 1189 403 nest
1218 363 1300 400 sore
1330 364 1443 398 sente
1471 358 1844 410 Bertelmeusdagh.

743 438 899 471 Molbech
925 447 968 476 og
992 437 1154 467 Peterson
1178 431 1319 464 Danske
1344 429 1517 471 Diplomer
1541 428 1569 459 Ι.
1598 427 1742 460 13-1—1.
1789 428 1979 460 Forkortet
2003 427 2066 460 hos
2092 426 2277 469 Hvitfeldt,
2301 427 2425 458 Danm.
2450 425 2556 467 Riges

739 502 845 532 Krfin.
870 510 900 540 p.
925 497 992 528 574
1017 493 1226 538 [va-tudg.
1253 494 1348 524 Tom.
1374 491 1437 523 IV.
1464 501 1496 532 p.
1522 488 1599 531 47.)
1626 499 1669 529 og
1694 488 1756 520 hos
1783 489 1908 532 Suhm,
1934 489 2026 521 Hist.
2047 488 2246 520 afDanmk.
2265 487 2365 520 XIV.
2390 486 2557 520 190—91.

619 561 773 609 [2796]
832 558 1035 597 GoscALc·
1088 554 1322 598 Jonmvms,
1374 551 1550 589 canonici
1592 550 1807 602 Rip-susm,
1850 549 2028 588 fundatio
2074 550 2228 588 vicariae
2277 552 2478 602 perpetuae
2520 550 2557 588 in

356 633 525 672 ecclesia
555 630 763 670 cathedrali
789 628 912 666 heatae
942 624 1099 675 virginis
1129 623 1319 675 Ripensi,
1349 622 1411 659 cui
1440 622 1612 673 quinque
1642 619 1811 658 tabernac
1841 619 1878 657 in
1907 631 2051 670 aggere
2080 618 2280 670 (Ripensi)
2311 633 2398 657 cum
2427 618 2560 666 sundo,

355 716 427 741 nec
459 716 533 740 non
562 699 646 739 XX
673 711 809 737 marcac
838 696 921 747 puri
951 694 1099 744 argenti
1127 706 1151 730 a
1180 691 1385 730 fundatore
1415 689 1680 729 conferuntur.
1713 710 1762 716 -
1793 687 1837 727 In
1862 691 2001 727 octava
2024 692 2220 741 assumpt.
2242 688 2281 727 b.
2304 690 2398 740 virg.
2415 687 2560 728 Mariae.

743 768 912 807 Tcrpager
935 764 1030 805 Ripae
1055 762 1182 795 Cimbr.
1206 772 1237 804 p.
1267 760 1435 792 160—61.

616 827 767 876 [2797]
823 824 1010 863 mooun
1049 824 1228 876 episcopi
1266 821 1547 873 Lincopiensis
1585 819 1635 859 ad
1670 818 1832 858 Petrum
1869 817 2007 870 Lycka
2050 818 2369 858 archidiaconum
2404 818 2562 858 Roskil-

357 901 517 939 densem
547 900 739 937 literarum
770 895 962 946 epitome,
1007 895 1043 932 in
1083 893 1226 945 quibus
1257 892 1474 944 episcopus
1503 889 1779 929 archidiacono
1804 888 1921 941 jubet
1949 889 2143 941 inquirere
2173 889 2248 928 “de
2277 889 2394 928 bonis
2424 888 2561 941 Thyls-

357 970 491 1008 hamar
520 972 558 1007 et
586 966 765 1005 Widhem
795 977 882 1002 cum
912 964 999 1001 suis
1029 962 1243 1000 attinentiis
1273 965 1313 999 et
1342 960 1390 999 (le
1421 959 1548 998 Lindo
1578 959 1700 998 altera
1730 963 1812 998 tota
1840 962 1880 997 et
1908 958 2031 997 altera
2061 959 2237 1006 dimidia,
2267 963 2308 998 et
2329 959 2378 998 de
2401 959 2562 1012 reliquis

357 1038 492 1083 honis,
535 1050 617 1089 quae
654 1033 795 1073 nobilis
835 1036 874 1071 et
903 1032 1047 1083 inclyta
1075 1032 1333 1084 principissa,
1378 1030 1535 1068 domina
1566 1029 1797 1075 Catharina,
1841 1029 2036 1082 quondam
2066 1030 2200 1081 regina
2230 1029 2402 1076 Sveciae,
2432 1042 2563 1067 mona-

358 1108 478 1146 sterio
507 1105 689 1158 praedicto
720 1102 935 1152 (Gudhem)
960 1102 1139 1148 donavit,
1171 1115 1254 1154 quac
1283 1100 1387 1138 bona
1418 1101 1455 1138 in
1486 1099 1699 1152 Sjaclandia
1728 1100 1943 1138 constituta
1972 1099 2150 1138 Eskillus
2178 1099 2288 1146 Falk,
2318 1100 2383 1151 qui
2414 1097 2564 1137 dudum

358 1177 406 1215 de
436 1178 512 1214 vita
541 1173 722 1227 praesenti
751 1171 930 1210 sublatus
960 1171 1052 1217 suit,
1084 1171 1330 1223 occupavit⁷’.
1361 1191 1409 1197 —
1440 1171 1673 1222 Lincopice,
1703 1169 1839 1208 ultimo
1871 1169 1932 1208 die
1963 1169 2150 1221 Augusti.

742 1241 958 1283 Luget-briiig
982 1243 1068 1273 svea
1091 1241 1200 1273 Rikes
1225 1239 1383 1272 Historia
1408 1240 1470 1271 ΙΙΙ.
1495 1240 1574 1272 683.
1601 1240 1680 1272 703.
1731 1240 1805 1272 Cfr.
1833 1239 1938 1271 Suhm
1964 1239 2055 1271 nist.
2081 1239 2120 1270 af
2140 1239 2289 1271 Danmk.
2310 1238 2407 1271 XIV.
2436 1237 2511 1270 107.
2555 1272 2557 1275 ,

614 1303 758 1355 [2798]
816 1304 980 1349 Literae,
1011 1302 1156 1355 quibus
1183 1302 1439 1348 JOHANNES,
1469 1303 1687 1354 episcopus
1716 1301 1924 1353 Ripensis,
1955 1314 2049 1340 sese
2074 1303 2113 1338 et
2135 1314 2396 1339 successores
2421 1298 2565 1351 obligat

353 1377 402 1415 ad
439 1374 642 1414 tenendam
680 1377 720 1412 et
755 1373 1053 1412 sustentandam
1090 1373 1255 1412 missam
1292 1376 1522 1425 perpetuam
1562 1386 1632 1424 pro
1671 1371 1800 1410 salute
1838 1373 2053 1410 animarum
2085 1370 2315 1422 Margaretae
2355 1370 2496 1422 reginae
2526 1373 2566 1409 et

352 1447 642 1498 progenitorum
686 1444 826 1496 ipsius.
897 1441 1042 1481 lisdem
1088 1443 1214 1481 literis
1263 1442 1490 1481 dimidietas
1532 1441 1724 1484 honorum
1768 1441 1816 1480 de
1856 1441 2060 1493 naufragio
2101 1441 2139 1479 in
2183 1440 2408 1480 Waendfolk
2443 1440 2565 1479 Heret
2606 1427 2610 1431 Ι

353 1515 629 1567 emergentium
659 1514 801 1565 reginae
831 1514 1070 1564 assignatur.
1102 1534 1152 1540 -—
1181 1512 1322 1565 Ripae,
1355 1512 1418 1551 die
1446 1512 1485 1551 b.
1515 1512 1684 1551 Matthei
1713 1512 1897 1565 apostoli.

742 1583 849 1615 Suhm
875 1582 967 1615 nist.
993 1583 1034 1615 af
1054 1582 1204 1614 Danmk.
1229 1583 1328 1614 XIV.
1354 1582 1525 1614 546—47.

612 1644 761 1691 [2799]
819 1644 984 1689 Literae,
1035 1643 1149 1682 editae
1187 1657 1210 1682 a
1245 1645 1465 1695 capitaneis
1503 1648 1722 1683 castrorum
1761 1643 1909 1682 Fioniae
1946 1643 2202 1682 ΗΕΝΜΚΙΝΟ
2241 1643 2478 1699 OLUFFsiiN
2517 1643 2565 1682 (le

351 1713 536 1766 Nyhorg‚
575 1714 835 1754 BERNEKuvo
866 1714 1113 1753 Scfflchm.
1145 1714 1193 1753 de
1222 1714 1498 1766 Hindsgaffvel
1528 1719 1567 1753 et
1595 1714 1829 1753 HaNNmGo
1860 1713 1978 1752 Bane
2012 1713 2061 1752 de
2090 1713 2346 1766 Kiestruppe,
2377 1713 2563 1753 ΟτΗοΝΕ

354 1785 599 1823 §cumcurm
623 1789 773 1823 rectore
795 1785 928 1836 placiti
954 1785 1149 1836 generalis
1171 1784 1333 1830 Fioniae,
1364 1788 1402 1823 et
1426 1789 1593 1836 quatuor
1619 1785 1838 1836 armigeris,
1868 1783 2012 1836 quibus
2041 1787 2247 1831 testantur,
2273 1797 2319 1822 se
2349 1784 2565 1831 audivisse,

356 1867 492 1893 omnes
528 1853 750 1893 Fionenses
789 1858 829 1893 et
866 1854 1017 1892 incolas
1050 1858 1158 1893 terrae
1196 1853 1474 1906 Langelandioe
1514 1853 1855 1901 etThoslandioe,
1900 1868 1974 1893 nec
2008 1868 2084 1893 non
2122 1856 2238 1893 etiam
2276 1853 2352 1892 “de
2388 1854 2567 1906 pluribus

354 1923 484 1962 Daciae
512 1924 715 1975 partibus*
746 1924 886 1963 eodem
917 1924 978 1963 die
1007 1925 1175 1977 primum
1205 1924 1242 1962 in
1270 1924 1460 1973 ecclesia,
1492 1923 1633 1963 deinde
1664 1925 1700 1962 in
1730 1923 1876 1976 placito
1906 1925 2076 1976 generali
2106 1926 2277 1976 reginam
2306 1924 2567 1976 Margaretam
2595 1954 2600 1961 .

355 1995 420 2031 “in
451 2007 579 2032 veram
609 2007 768 2033 suorum
800 1994 1016 2042 dominam,
1047 1995 1258 2047 principem
1290 2001 1329 2032 et
1353 1993 1663 2046 plenipotentem
1693 1994 1817 2032 totius
1846 1995 1953 2045 regni
1980 1994 2115 2033 Daniae
2146 1996 2347 2041 tutricem,
2384 1994 2568 2033 videlicet

352 2062 703 2117 Formyndcrslsd'
733 2065 918 2116 elegisse.
948 2086 1000 2092 —-
1034 2064 1239 2111 Othonise,
1271 2063 1465 2103 sabbatho
1495 2079 1605 2117 prox.
1637 2068 1727 2103 ante
1757 2065 1859 2103 diem
1891 2065 2067 2103 Simonis
2097 2069 2136 2103 et
2165 2064 2291 2104 Judae.

744 2134 913 2166 Hvitfeldt
946 2135 1068 2166 Danm.
1094 2134 1201 2174 Riges
1227 2135 1332 2165 Krfin.
1370 2145 1402 2176 p.
1427 2134 1587 2166 574—75
1621 2133 1835 2177 (Qvartudg.
1867 2137 1963 2167 Tom.
1998 2136 2060 2169 IV.
2085 2146 2116 2178 p.
2149 2133 2240 2177 49).
2300 2136 2442 2168 Pontan.
2466 2137 2565 2169 Rei-r.

745 2197 855 2228 Dann.
884 2196 971 2228 Hist.
997 2195 1092 2228 Libr.
1118 2196 1180 2227 IX.
1206 2206 1237 2237 p.
1263 2196 1341 2227 514.

617 2256 772 2305 [2800]
830 2257 1015 2295 Hfflx'nicl
1046 2257 1225 2302 mex,
1268 2258 1410 2296 notarii
1444 2256 1613 2309 publici,
1658 2258 1958 2296 instrumentum
1996 2257 2045 2295 (Ie
2081 2257 2213 2308 regina
2242 2256 2461 2309 Margareta
2497 2272 2566 2311 per

362 2327 510 2364 incolas
534 2326 709 2373 Feoniae,
739 2326 1013 2378 Langiandiae,
1044 2326 1262 2365 Toslandiae
1286 2331 1360 2365 etc.
1384 2329 1420 2365 in
1445 2327 1657 2374 dominam,
1685 2329 1904 2380 principem
1935 2330 1973 2365 et
1997 2327 2305 2379 plenipotentem
2331 2330 2438 2380 regni
2461 2330 2567 2367 tutri-

360 2409 443 2434 cem
459 2400 632 2448 accepta.
651 2419 699 2423 —
729 2397 946 2443 Ottlmm‘oe,
977 2396 1042 2434 die
1066 2395 1174 2434 XVI.
1199 2396 1361 2435 Octobr.
1385 2397 1539 2448 (corrig.
1564 2396 1726 2437 XXVI.
1751 2396 1938 2444 Octobr.;
1967 2396 2045 2434 vid.
2065 2396 2189 2435 Suhm
2211 2397 2322 2436 XIV.
2350 2398 2548 2449 191—92)

747 2467 852 2498 subm
878 2466 967 2498 Hist.
994 2467 1033 2498 af
1053 2467 1201 2498 Danmk.
1227 2467 1325 2498 XIV.
1351 2467 1522 2498 543-45.

622 2527 778 2576 [2801]
836 2527 987 2566 Mam-1
1019 2527 1310 2580 archiepiscopi
1339 2527 1568 2566 Lundensis
1597 2528 1739 2574 literae,
1772 2527 1917 2580 quibus
1945 2527 2114 2566 Johanni
2145 2527 2249 2566 (ficto
2279 2528 2421 2575 Helth,
2447 2529 2568 2569 archi-

361 2595 522 2635 diacono
551 2596 739 2649 Ripensi,
778 2601 817 2636 et
845 2597 1010 2636 Nicolao
1042 2597 1170 2635 Crook
1199 2599 1388 2636 canonico
1420 2597 1623 2650 (Ripensi)
1653 2598 1832 2643 mandat,
1875 2601 1918 2635 ut
1955 2611 2114 2637 causam
2145 2598 2242 2636 inter
2271 2591 2471 2638 dominum
2500 2598 2567 2638 Ni-

363 2665 514 2704 colaum
539 2666 755 2705 Brudenaes
785 2682 832 2705 ex
861 2682 938 2706 una
966 2671 1078 2720 parte
1108 2670 1147 2705 et
1176 2667 1354 2706 haeredes
1384 2667 1491 2706 Petri
1522 2667 1738 2706 Gumissen
1770 2667 1992 2706 sacerdotis
2015 2668 2194 2720 aliosque
2219 2667 2420 2708 dioecesis
2444 2669 2566 2722 Burg-

365 2735 537 2773 lanensis
567 2750 612 2775 ex
642 2737 762 2775 altera
792 2736 1020 2788 dijudicent.
1051 2759 1104 2765 -——
1132 2737 1312 2785 Lzmde's,
1343 2738 1516 2777 crastino
1546 2737 1669 2777 beatae
1701 2736 1918 2776 Catharinae
1948 2738 2122 2788 virginis.

750 2807 934 2848 Langcbek
959 2807 1096 2850 Scriptt.
1120 2807 1215 2839 vlu.
1242 2806 1320 2839 216.

1393 2917 1539 2966 1388.

630 3011 772 3061 [2802]
829 3016 975 3052 ALcuu
1007 3014 1294 3054 Mmmzsszms
1323 3014 1447 3060 Brev‚
1478 3014 1650 3053 hvorved
1679 3014 1755 3053 han
1786 3015 1962 3053 tilstaaer
1991 3018 2030 3052 at
2053 3013 2152 3053 have
2176 3015 2280 3054 saaet
2304 3016 2352 3055 (le
2376 3021 2416 3055 to
2441 3018 2566 3057 Slotte

372 3078 566 3116 Obersten
597 3092 645 3129 og
675 3072 864 3128 Oresten,
908 3084 998 3122 med
1037 3084 1085 3123 de
1121 3084 1234 3123 dertil
1270 3084 1451 3136 liggende
1480 3084 1594 3123 Lehn
1623 3083 1760 3122 Marck
1790 3097 1840 3135 og
1874 3082 2012 3134 Kynd,
2058 3084 2101 3122 as
2124 3084 2326 3137 Dronning
2354 3087 2566 3139 Margi-ete,

373 3148 412 3185 “i
452 3150 509 3185 ret
547 3146 621 3185 Tro
659 3163 708 3199 og
746 3150 856 3196 AEoe,
902 3153 945 3190 l'ri
985 3168 1037 3205 og
1073 3154 1288 3202 ullcvarne,
1335 3183 1452 3192 .....
1496 3155 1530 3192 ei
1569 3153 1628 3192 for
1656 3152 1758 3192 Pant
1786 3167 1837 3204 og
1865 3154 1898 3191 ei
1929 3153 1988 3191 sor
2016 3151 2168 3204 Penge,
2211 3168 2261 3206 og
2289 3157 2326 3194 ei
2356 3156 2415 3195 for
2442 3171 2566 3209 nogen

373 3216 489 3255 andre
519 3216 687 3268 Stykker
718 3246 726 3255 .
745 3248 752 3255 .
771 3248 804 3256 ..
833 3220 934 3259 uden
966 3223 975 3259 i
1005 3227 1063 3261 ret
1092 3223 1309 3262 Tromaal'l
1338 3247 1391 3251 -—
1419 3221 1641 3268 Eeliltolm,
1672 3236 1746 3274 paa
1777 3222 1824 3260 (le
1853 3221 1995 3272 hellige
2026 3225 2082 3260 tre
2112 3223 2296 3276 Kongers
2324 3226 2457 3266 Asten.

760 3288 922 3322 livitseldt
946 3292 1064 3325 Damn.
1090 3292 1196 3333 Riges
1220 3294 1327 3326 Κι-ϋη.
1355 3304 1387 3336 p.
1412 3293 1567 3326 580-81
1596 3291 1802 3336 (Qvartudg.
1828 3293 1865 3324 Τ.
1892 3291 1953 3323 lv.
1978 3302 2009 3334 p.
2034 3291 2125 3335 620.
