2649 3686
775 155 930 204 Koxo
964 155 1253 204 VALDEMAR
1285 154 1577 204 Amanum.
2176 162 2273 211 283

330 324 486 374 [2379]
542 324 812 365 VVAnnrmAnr
843 327 957 366 ducis
980 328 1094 368 Jutiae
1125 328 1242 368 titerae
1270 325 1511 382 protectoriie
1541 332 1579 368 et
1607 327 1823 381 privilegia,
1853 328 1942 369 data
1965 329 2116 370 civibus
2140 331 2275 372 Flens.
2348 334 2461 373 1351.

72 394 350 448 burgensibus.
381 415 430 422 —-
463 393 780 448 Symlerborqla,
810 396 873 435 die
902 397 1026 436 beatae
1056 397 1187 437 Lucioe
1217 399 1390 451 virginis.
2302 401 2351 434 ¹3·
2388 404 2505 435 lit-chr.

464 465 700 508 Westphalen
724 467 872 498 Monum.
898 466 986 499 ined.
1013 467 1074 501 lv.
1104 467 1202 501 1953.

329 524 486 575 [2380]
544 527 670 574 Brev,
701 527 863 566 udstedt
891 528 935 567 as
959 528 1110 569 Οιυνιι·
1140 530 1255 570 Hom<
1288 543 1339 582 og
1363 529 1412 569 10
1435 529 1555 570 andre
1581 529 1844 576 AdelsmaemL
1873 530 2097 582 angaaende
2123 530 2273 570 Marke-

71 610 122 651 og
149 595 368 650 Skovskjel
398 596 549 635 mellem
581 596 807 636 Gunnetuet
837 611 887 649 og
917 597 1130 638 Orebodhe
1158 601 1169 639 i
1198 599 1387 652 Sjelland.
1945 599 2273 649 (Oversaettclse).

462 666 624 699 Motbech
648 676 693 708 og
717 667 881 700 Peter-sen
907 669 1050 701 Danske
1075 670 1250 713 Diptomer
1274 669 1303 703 1.
1328 680 1360 714 p.
1390 669 1488 702 1-2,

329 726 486 777 [2381]
545 727 669 773 Brev,
713 732 753 767 at
788 729 970 768 Amnum
1002 742 1015 768 1
1046 730 1320 770 anwnnm
1356 745 1421 770 ere
1457 730 1623 782 Kongen
1662 730 1707 771 as
1737 729 1962 770 Daumarks
1994 730 2271 770 Undersaattcr

70 810 123 850 og
152 798 238 850 give
267 796 380 837 Hans
408 796 548 837 Nande
579 797 602 836 2
633 796 749 836 Pund
778 797 971 849 Engeiskt
999 799 1045 838 af
1069 799 1178 838 hvcrt
1207 800 1335 839 Huus.

459 867 576 910 Udtog
601 867 664 900 hos
689 867 898 911 Michelsen,
925 869 1187 902 Nordfriesland
1212 882 1244 913 p.
1270 871 1349 903 281.

1007 969 1346 1020 1354-1359.
2305 989 2527 1030 1:354—59.

327 1065 485 1115 [2382]
545 1064 762 1105 JOHANNIS
790 1066 941 1106 JAcom
971 1066 1216 1119 presbyteri,
1254 1068 1428 1107 canonici
1460 1070 1712 1115 Arusiensis,
1743 1070 1889 1115 literoe,
1933 1069 2079 1122 quibus
2109 1083 2154 1108 se
2192 1073 2272 1108 tres

68 1137 194 1177 curias
223 1138 260 1176 iu
290 1135 499 1189 Salthorp,
541 1135 717 1188 Pathorp
747 1140 785 1175 et
813 1135 1106 1189 Bannaebiaergh
1139 1139 1237 1176 sitas
1267 1151 1338 1190 pro
1369 1139 1504 1190 viginti
1543 1140 1685 1178 marcis
1722 1140 1808 1191 puri
1845 1141 2272 1191 argentilmonasterio

67 1205 300 1247 Esromensi
331 1208 367 1246 in
396 1206 541 1259 placito
572 1205 864 1245 Holmbohaeret
893 1207 1067 1258 legaliter
1096 1211 1276 1247 scotasse
1306 1212 1482 1247 testatur.
1515 1229 1563 1237 -
1594 1210 1688 1247 Sine
1717 1223 1830 1248 anno.

460 1277 650 1318 Langebek
676 1276 813 1319 Scriptt.
840 1277 902 1308 IX.
997 1301 1006 1309 .
1054 1277 1137 1309 Cod.
1163 1278 1297 1310 Esrom.
1327 1278 1388 1310 sot.
1416 1278 1574 1311 CXLIII.

330 1337 490 1388 [2383]
545 1337 651 1377 lnam
683 1339 810 1377 onmia
841 1337 943 1377 bona
972 1351 1044 1377 sua
1075 1339 1110 1377 in
1141 1338 1326 1391 Salthorp
1357 1341 1452 1384 sita,
1498 1339 1703 1378 “videlicet
1732 1339 1927 1378 dimidiam
1957 1353 2124 1378 marcam
2153 1345 2268 1379 terra-

68 1422 153 1449 rum
182 1410 220 1447 in
249 1409 414 1456 censu”,
444 1409 684 1449 monasterio
712 1407 946 1447 Esromensi
975 1422 1044 1461 pro
1074 1407 1149 1447 ΧΠ
1185 1410 1329 1448 marcis
1366 1411 1452 1461 puri
1489 1410 1636 1462 argenti
1666 1409 1851 1463 ponderis
1881 1409 2132 1450 Coloniensis
2162 1412 2269 1462 oppi-

67 1483 216 1532 gnorat.
249 1501 298 1507 —
329 1480 424 1519 Sine
452 1493 567 1519 anno.
699 1518 707 1521 ,

459 1549 646 1590 Langebek
670 1547 812 1591 Scriptt.
837 1548 899 1580 IX.
996 1573 1004 1581 .
1052 1549 1135 1582 Cod.
1160 1550 1295 1581 Esrom.
1322 1550 1382 1582 fol.
1407 1548 1568 1582 CXLIII.

326 1610 484 1660 [2384]
543 1609 647 1649 lor-:M
678 1611 822 1649 curiam
852 1611 888 1649 in
920 1609 1103 1663 Salthorp
1133 1611 1267 1657 sitam,
1313 1611 1519 1650 “videlicet
1549 1609 1745 1649 dimidiam
1773 1624 1940 1650 marcam
1977 1612 2107 1650 terra?
2137 1624 2265 1650 mona-

65 1683 185 1721 sterio
200 1680 436 1721 Esromensi
461 1695 529 1734 pro
555 1680 762 1720 duodecim
787 1681 927 1720 marcis
951 1681 1037 1734 puri
1061 1681 1208 1731 argenti
1232 1681 1417 1733 ponderis
1434 1680 1685 1720 Coloniensis
1709 1681 1952 1733 oppignorat.
1967 1703 2021 1709 —
2043 1681 2136 1720 Sine
2153 1694 2266 1720 anno.

459 1750 650 1793 Langebek
677 1750 818 1794 Scriptt.
843 1750 905 1782 IX.
1000 1775 1009 1783 .
1058 1749 1141 1782 Cod.
1167 1751 1300 1783 Esroru.
1327 1751 1388 1783 foi.
1414 1747 1590 1783 CXLlllb.

1097 1850 1238 1900 1355.
1959 1860 1966 1866 ‘
2341 1875 2456 1915 1355.

325 1949 472 2000 [2385]
532 1949 766 1990 Consumm
820 1960 1159 1996 css'rmtonumquu
1212 1961 1432 1987 mebrorum
1482 1960 1536 1987 ΕΤ
1595 1960 1811 1986 umvr-msae:
1863 1959 2177 1986 commvm'rArrs
2222 1959 2264 1985 η·
2295 1958 2345 1991 ι3,
2371 1961 2512 1992 Januar.

65 2020 333 2060 Euomsmm'r
373 2019 478 2058 “sub
517 2019 674 2058 domino
711 2019 830 2064 duce,
865 2019 1038 2071 principe
1065 2018 1317 2057 waldemaro
1347 2018 1613 2057 Slesvicensi’'
1650 2017 1700 2055 ad
1729 2017 1909 2056 comitem
1938 2020 2047 2054 terrae
2074 2015 2265 2055 Flandriae

65 2091 197 2138 literae,
226 2094 270 2130 ut
283 2088 566 2129 mercatoribus
593 2103 727 2128 eorum
746 2091 834 2142 jure
859 2089 1016 2140 antiquo
1041 2089 1089 2135 (oz
1114 2102 1161 2126 ne
1186 2087 1287 2127 bona
1312 2101 1445 2126 eorum
1469 2091 1707 2126 arrestentur
1739 2088 1840 2125 “nisi
1869 2087 2124 2126 attestatione
2153 2087 2263 2124 trium

63 2161 212 2200 dierum
241 2160 479 2215 comitisque
507 2159 726 2205 arbitrium,
757 2163 800 2197 ut
838 2162 905 2196 aut
934 2158 1029 2196 infra
1060 2162 1296 2196 memoratos
1334 2157 1419 2196 dies
1457 2160 1704 2209 compareant
1741 2161 1806 2195 aut
1838 2157 1944 2208 quita
1982 2156 2262 2204 dimittentur”)

64 2231 138 2271 frui
166 2232 424 2285 permittatur.
452 2252 506 2259 —
534 2229 584 2269 In
611 2231 806 2281 praetorio
835 2230 1133 2267 communitatis
1162 2230 1202 2266 in
1230 2227 1504 2272 Edomleert,
1535 2228 1570 2264 in
1603 2230 1738 2265 octava
1769 2226 1995 2277 epiphaniae.

458 2298 586 2333 Archiv
610 2299 668 2331 fiir
692 2301 833 2331 Staats-
859 2298 923 2330 und
948 2296 1291 2338 Kirchengeschichte
1315 2297 1374 2328 der
1397 2296 1686 2337 Herzogth'umer,
1712 2296 1756 2328 11.
1782 2297 1819 2327 B.
1845 2306 1877 2338 p.
1902 2295 2070 2328 560—61.

326 2361 485 2411 [2386]
545 2359 845 2405 Cin—mmmm
891 2359 1031 2397 relictae
1085 2358 1227 2396 domini
1271 2358 1464 2397 Johannis
1506 2356 1682 2395 Lembek
1733 2357 1888 2401 militis,
1941 2358 2074 2402 literre,
2118 2354 2263 2408 quibus
2307 2360 2366 2398 22.
2389 2360 2489 2393 Febr.

63 2436 251 2481 testatur,
276 2442 334 2472 ‘se
361 2431 466 2471 bona
495 2431 645 2483 aliquot
674 2431 711 2469 in
741 2429 850 2480 Burg
878 2433 916 2468 et
944 2427 1153 2467 Borcholm
1191 2429 1267 2467 sita
1304 2427 1540 2466 monasterio
1569 2425 1666 2465 Loci
1697 2426 1770 2466 Dei
1801 2428 1837 2466 in
1875 2426 2016 2480 placito
2045 2424 2264 2477 Logherret

19 2540 25 2547 .
64 2505 299 2557 assignasse
324 2505 364 2543 et
391 2505 588 2541 scotasse.
617 2522 671 2528 —
699 2499 741 2538 In
772 2498 955 2538 cathedra
984 2496 1087 2536 beati
1116 2497 1223 2536 Petri
1253 2497 1435 2550 apostoli.

459 2569 646 2611 Langebek
670 2568 808 2612 Scriptt.
833 2568 928 2600 V111.
953 2567 1032 2599 244.

327 2633 473 2684 [2382]
531 2633 618 2671 Den
656 2628 988 2680 Mektenborgske
1025 2628 1176 2679 Hertug
1213 2628 1393 2666 JOHAN‘s
1428 2627 1531 2666 Brev
1567 2640 1629 2665 om
1667 2626 1740 2665 den
1774 2626 1924 2664 mellem
1956 2625 2044 2664 bam
2084 2638 2134 2677 og
2164 2624 2263 2664 hans
2292 2636 2343 2668 13,
2368 2637 2496 2669 Marm,

63 2705 216 2745 Broder
243 2703 396 2755 Hertug
422 2702 613 2742 Albrecht
641 2702 842 2751 foretagne
871 2698 1157 2749 Landedeling,
1189 2697 1299 2735 hvori
1330 2697 1404 2734 han
1435 2696 1485 2734 bl.
1516 2710 1550 2734 a.
1581 2696 1778 2748 sorpligter
1806 2696 1868 2746 sig
1897 2695 1939 2733 til
1968 2698 2007 2734 at
2035 2696 2122 2746 give
2147 2694 2263 2745 Kong

65 2775 278 2815 Valdemar
312 2773 356 2813 af
386 2772 588 2813 Danmark
623 2776 662 2811 et
699 2769 863 2810 saadant
897 2767 1020 2816 Brev,
1063 2781 1148 2805 som
1192 2767 1291 2805 hans
1328 2766 1478 2804 Broder
1515 2765 1664 2815 Hei-tug
1699 2763 1886 2803 Aibrecht
1921 2764 1975 2803 ait
2004 2764 2129 2802 havde
2158 2765 2263 2815 givet

64 2845 232 2898 Kongen
262 2857 312 2884 m.
341 2856 391 2882 m.
422 2865 471 2872 —
509 2842 567 2882 To
596 2843 714 2881 deme
744 2836 1093 2888 Sternenberqloe,
1123 2837 1194 2875 des
1224 2835 1434 2886 Vrydages
1464 2848 1531 2871 vor
1561 2835 1793 2873 mitsasteue.
1997 2831 2260 2887 (Plattydsk).

454 2913 592 2946 Franck
617 2912 695 2944 Alte
720 2921 751 2942 u.
776 2911 868 2941 Neue
891 2906 1133 2946 Mecklenburg
1157 2905 1233 2937 Lib.
1259 2906 1318 2937 Vl.
1345 2905 1426 2946 Cap.
1450 2905 1530 2936 XX.
1556 2915 1586 2946 p.
1612 2903 1759 2935 204—5.

326 2972 472 3025 [2388]
529 2973 805 3012 Wannmmm
834 2968 1033 3007 Danorum
1063 2968 1167 3017 regis
1205 2966 1458 3018 protestatio,
1490 2965 1537 3003 de
1567 2965 1802 3003 testimoniis
1831 2965 1990 3003 testium
2020 2964 2259 3017 quorundam
2289 2971 2340 3004 19.
2366 2973 2508 3015 Aprilis.

61 3045 115 3085 de
142 3047 264 3098 prima
293 3043 572 3084 inhabitatione
600 3039 825 3081 “Skawen’'
855 3042 891 3076 et
921 3038 1117 3089 piscatura
1148 3036 1302 3074 ibidem.
1331 3055 1385 3063 ·—
1412 3033 1590 3086 Alburq,
1621 3036 1663 3073 in
1687 3035 1845 3087 placito
1869 3036 2077 3091 generali,
2115 3034 2258 3075 domin.

66 3115 240 3155 secunda
271 3120 364 3167 post
391 3112 555 3167 pascha.
1379 3135 1385 3142 .

456 3181 667 3215 Videnskab.
693 3179 807 3212 Selsk.
834 3177 1006 3218 Skrit'ter,
1032 3177 1094 3208 lv.
1119 3174 1288 3207 215-1⁷.
1336 3173 1440 3206 Suhm
1466 3173 1556 3205 nist.
1581 3173 1621 3204 af
1639 3172 1782 3204 Danmk.
1806 3172 1902 3205 XIII.
1925 3172 2099 3206 828—29.

329 3247 478 3297 [2389]
535 3246 806 3285 WALnEmam
837 3243 1038 3281 Danorum
1081 3240 1188 3291 regis
1233 3239 1368 3284 iiterae,
1411 3237 1556 3290 quibus
1593 3236 1751 3275 Ericum
1787 3236 1996 3277 Niclesson
2033 3237 2082 3277 de
2111 3239 2260 3291 Agarth
2307 3237 2340 3271 9-
2373 3238 2470 3278 Maji.

65 3319 227 3359 militem
256 3322 295 3358 et
324 3317 500 3358 haerades
528 3329 627 3356 suos
656 3315 705 3355 ab
734 3314 834 3353 omni
864 3311 1100 3366 impetitione
1128 3322 1248 3362 supra
1277 3308 1512 3361 provinciam
1543 3305 1800 3347 Hanehaereth
1829 3311 1866 3347 et
1890 3306 2257 3360 Naeshosyaerthing,

1931 3380 2001 3420 36*
2070 3405 2073 3410 ι
