2649 3686
330 161 358 211 1
369 162 433 211 48
1106 153 1258 201 Koxe
1292 148 1423 196 Eun<
1459 144 1712 194 Gmpprxa.

321 229 2518 258 —W

135 333 253 374 1269.
429 309 431 312 ι
582 330 738 379 [1190]
794 328 946 380 Hertug
972 326 1079 366 me
1108 315 1152 364 εἳ
1174 317 1355 374 Jyllands
1383 314 1660 355 Stadsaestelse
1688 312 1732 352 as
1754 312 1936 365 Faburgh
1970 312 2171 364 Borgeres
2199 311 2442 365 Privilegier.
2470 335 2523 345 -

714 468 818 501 Suhm
843 466 935 499 nist.
961 465 1001 497 af
1023 463 1169 496 Danmk.
1194 460 1239 492 X.
1263 455 1435 491 997—98.

76 535 132 568 2¹·
165 534 300 568 0030121'·
587 529 740 578 [1191]
797 528 989 567 Ermum
1018 521 1280 563 archidiaconi
1309 515 1538 557 Lundensis
1568 515 1870 559 testamentum,
1899 526 1976 566 quo
2004 512 2171 566 plurima
2198 512 2302 552 bona
2331 513 2382 552 ad
2409 513 2525 554 aedifi.

325 603 517 642 cntionem
547 599 682 637 altaris
710 599 827 636 unius
857 598 894 635 in
925 594 1094 635 ecclesia
1124 592 1166 631 S.
1196 587 1418 633 Laurentii,
1447 588 1488 624 et
1515 583 1566 623 ad
1593 583 1763 636 plurium
1792 584 1947 637 piorum
1975 582 2150 622 locorum
2179 596 2280 623 usus
2308 583 2443 624 donat.
2473 606 2521 614 --·

325 671 506 718 Laudis,
535 667 625 708 XII.
655 666 806 706 calend.
835 664 1046 704 Novcmbr.

104 404 155 436 ῃ,
188 402 286 451 ³⁰¹5?
327 403 388 442 11.
417 401 521 454 dagh
549 400 656 440 Juffi‘
2020 381 2168 434 (Nyere
2198 381 2524 436 Oversaettelse.).
2615 335 2621 579 ἱ

711 735 818 769 8υ11ω
843 733 933 766 Hist.
958 732 998 765 af
1016 730 1164 765 Danmk.
1189 730 1234 762 X.
1259 725 1477 760 998—1000.
1534 723 1713 765 Liljegren
1745 721 1836 766 Dipl.
1861 724 2005 756 Svecan.
2035 724 2063 757 1.
2088 732 2144 756 no.
2178 723 2258 756 510.
2289 733 2322 767 p.
2354 721 2524 758 449—51.
2618 586 2624 810 ἱ

2619 816 2625 903 ἱ

141 866 260 906 1270.
1347 840 1494 890 1270.

111 951 143 982 ²-
171 948 276 983 Junii.
582 947 735 997 [1102]
792 945 933 984 Literae
964 954 1164 983 carm-nm
1195 951 1495 978 monacnonum
1526 937 1570 977 S.
1597 937 1839 977 ΒΕΝΕυιοτι
1880 948 1932 975 ΒΕ
1960 934 2209 983 Νεετνειιτ,
2252 937 2357 976 eirca
2392 935 2527 977 funda·
2566 982 2577 998 Ι

323 1022 469 1059 tionem
498 1021 711 1058 conventus
740 1013 1059 1053 Nestwediensis
1089 1011 1249 1049 fratrum
1279 1009 1490 1048 Minorum.
1519 1031 1573 1037 —
1600 1008 1803 1056 Nestmit,
1833 1005 1922 1046 llll.
1952 1020 2042 1046 non.
2070 1006 2193 1046 Junii.

709 1083 894 1124 Langebek
920 1081 1057 1124 Seriptt.
1082 1081 1128 1113 V.
1154 1080 1234 1112 515.
2623 1067 2649 1138 i]

104 1152 155 1186 19.
189 1151 284 1185 Julii.
578 1146 731 1196 [1193]
788 1145 914 1184 Erum
944 1144 1051 1194 regis
1075 1141 1318 1180 confirmatio
1341 1139 1579 1186 libertatum,
1607 1139 1766 1179 villanis
1791 1138 1840 1179 de
1863 1137 2133 1191 Haerighstath
2156 1151 2450 1178 concessarum.
2475 1160 2525 1167 —

322 1217 537 1274 Nyburqlz,
569 1215 718 1256 calend.
751 1215 854 1266 Aug.
882 1213 991 1253 XIV.
2640 1117 2649 1345 1

711 1285 815 1316 Suhm
841 1283 930 1316 nist.
955 1283 995 1315 af
1015 1281 1161 1315 Danmk.
1186 1281 1232 1314 X,
1260 1280 1360 1314 1000.

84 1358 137 1390 22.
164 1356 294 1399 Septbr.
578 1346 731 1395 [1194]
788 1345 1078 1385 MARGARETAE
1122 1343 1323 1382 Danorum
1366 1343 1510 1394 rcginae
1554 1341 1749 1395 diploma,
1793 1355 1871 1395 quo
1914 1340 1992 1380 “ad
2034 1342 2266 1394 petitionem
2429 1341 2528 1382 Her·
2625 1318 2649 1394 'j

319 1419 448 1458 manni
477 1416 681 1456 Krudener
709 1415 959 1469 proconsulis
989 1415 1027 1453 in
1055 1413 1221 1452 Lubeck
1350 1416 1391 1452 et
1419 1413 1535 1451 amici
1566 1416 1605 1452 et
1632 1413 1761 1465 patrui
1791 1411 1858 1451 dni
1886 1411 2133 1450 Woldemari
2164 1411 2213 1450 de
2241 1411 2426 1451 Rostock
2455 1440 2528 1452 ....

318 1488 596 1527 monasterium
640 1485 836 1539 quoddam
881 1483 1238 1524 sanctimonialium
1380 1483 1419 1521 in
1448 1481 1637 1521 honorem
1665 1482 1742 1522 Dei
1780 1483 1907 1535 patris
1945 1482 2230 1534 omnipotentis
2265 1485 2306 1521 et
2346 1481 2529 1534 gloriosae
2582 1507 2620 1525 0v

319 1559 481 1609 virginis
507 1556 664 1603 Mariae,
694 1569 740 1594 ac
770 1556 808 1594 in
838 1555 993 1594 laudem
1023 1554 1118 1606 ligni
1147 1554 1314 1606 pretiosi
1344 1556 1493 1592 sanetae
1523 1552 1679 1591 crucis”
1709 1552 1746 1590 in
1777 1553 1938 1591 civitate
1960 1551 2144 1591 Rostoek
2167 1552 2290 1590 situat
2312 1555 2353 1590 et
2378 1551 2531 1600 fundat,

320 1628 534 1679 pracsertim
564 1628 602 1665 in
631 1626 877 1672 memoriam,
907 1624 1013 1678 quod
1041 1637 1064 1663 a
1092 1624 1198 1676 ligno
1229 1625 1361 1662 erucis
1390 1636 1413 1662 a
1441 1624 1563 1661 maris
1591 1622 1767 1675 periculo
1797 1621 1963 1661 liberata
1993 1622 2130 1669 suerit,
2173 1635 2262 1661 cum
2293 1623 2331 1661 in
2359 1622 2528 1662 Dani'am

320 1699 500 1749 navigare
530 1701 588 1736 ter
618 1696 761 1734 frustra
790 1698 901 1734 esset
929 1698 1082 1734 conata.
1114 1717 1163 1723 —-
1194 1692 1398 1742 Rostoclc,
1427 1693 1480 1732 X.
1510 1692 1661 1731 calend.
1693 1692 1856 1731 Octobr.

708 1766 877 1799 schroder
901 1765 1029 1808 Papist.
1056 1765 1228 1798 Meklenb.
1253 1765 1280 1797 I.
1306 1762 1477 1796 722—23.
1524 1762 1755 1805 Westphalen
1769 1765 1920 1796 Monum.
1945 1762 2033 1796 ined.
2055 1763 2119 1797 lv.
2139 1761 2314 1796 942—43.
2359 1762 2528 1796 Rostock.

707 1826 884 1860 wochentl.
909 1826 1157 1868 Nachrichten,
1186 1825 1285 1858 1752.
1311 1837 1343 1868 p.
1372 1823 1541 1857 117—19.

576 1889 729 1937 [1195]
786 1888 903 1940 Kong
928 1887 1050 1928 ‘Eum
1093 1888 1136 1927 as
1166 1886 1391 1927 Danmarks
1430 1885 1662 1938 Privilegier
1705 1885 1765 1924 sor
1806 1885 2007 1939 Borgerne
2047 1886 2092 1925 af
2126 1886 2290 1938 Lybek,
2331 1885 2531 1935 1Vismar,

319 1959 524 2006 Rostock,
570 1958 799 2005 Stralsund,
841 1958 1124 2005 Greisswalde,
1168 1958 1336 2004 Stettin,
1382 1970 1433 2009 og
1461 1956 1535 1995 alle
1565 1955 1685 1994 andre
1718 1956 1911 1995 vendiske
1941 1956 2112 2004 Staeder,
2154 1956 2287 1996 hvilke
2315 1956 2392 1996 han
2421 1957 2531 1998 lover

319 2029 402 2068 fuld
431 2028 658 2068 Toldfrihed
688 2043 737 2081 og
766 2030 827 2068 sin
856 2028 1077 2080 Kongelige
1105 2027 1379 2080 Beskyttelse,
1409 2026 1626 2065 sorsaavidt
1655 2025 1704 2065 de
1733 2025 1884 2078 besoge
1907 2026 2219 2066 Aarsmarkedet
2245 2027 2490 2080 Hwtangher
2518 2029 2531 2068 i

322 2099 528 2152 Sjaelland,
576 2113 662 2139 som
701 2098 840 2138 skulde
877 2098 1060 2137 asholdes
1090 2101 1130 2137 to
1160 2097 1268 2150 Uger
1305 2097 1365 2137 sor
1401 2110 1451 2149 og
1489 2100 1530 2136 to
1559 2096 1667 2148 Uger
1696 2096 1796 2136 ester
1831 2096 1874 2136 S.
1902 2096 2108 2149 Hansdag.
2144 2119 2194 2125 —
2241 2096 2530 2152 Saoeelcopz'nq.

2273 2168 2529 2222 (Plattydsk).

707 2238 882 2271 sartorius
908 2237 1034 2271 Gesch.
1059 2238 1091 2271 d.
1116 2238 1233 2276 Hanse
1257 2237 1310 2271 ed.
1334 2236 1569 2280 Lappenberg.
1594 2237 1639 2270 11.
1664 2246 1720 2270 nu.
1744 2234 1934 2270 XXXIIlb.
1960 2247 1993 2281 p.
2022 2236 2213 2271 101—102.

133 2367 247 2406 1271.
1344 2351 1491 2402 1271.

322 2521 380 2559 vel
410 2520 500 2560 alibi
531 2526 638 2561 extra
667 2536 850 2574 regnum,
879 2520 945 2560 ubi
976 2521 1104 2572 magis
1133 2519 1210 2558 hoc
1238 2521 1299 2558 eis
1329 2519 1509 2572 expedit,
1548 2519 1720 2567 lardum,
1763 2533 1976 2566 annonam,
2020 2534 2146 2573 equos
2175 2525 2216 2560 et
2243 2522 2344 2562 alias
2371 2537 2438 2564 res
2466 2537 2528 2564 ve-

322 2590 449 2637 nales,
480 2605 579 2644 quas
608 2593 729 2643 gratia
759 2591 961 2630 mercandi
992 2590 1197 2629 en1erint”.
1229 2612 1278 2618 -
1310 2589 1523 2643 Alceburq,
1554 2591 1592 2629 in
1623 2590 1799 2629 secunda
1829 2590 1925 2629 feria
1953 2588 2124 2630 Pasche.

708 2662 878 2704 Terpager
902 2660 995 2704 Ripae
1022 2660 1149 2693 Cimbr.
1176 2671 1208 2703 p.
1234 2659 1313 2693 688.
1361 2661 1447 2693 Dan.
1473 2660 1615 2703 interpr.
1640 2671 1694 2703 ap.
1721 2660 1885 2702 Galthen,
1910 2652 2034 2693 Beskr.
2063 2671 2147 2693 over
2169 2661 2275 2704 Bibe,
2301 2673 2332 2706 p.
2360 2662 2529 2697 161—62.

68 2718 190 2750 5-11·
219 2721 297 2761 APP-
453 2737 461 2752 ν
579 2721 732 2769 [1197.]
788 2721 912 2761 Emer
943 2723 1049 2774 regis
1077 2722 1352 2778 privilegium,
1381 2721 1537 2761 civibus
1565 2721 1815 2775 Ripensibus
1845 2721 1997 2769 datum,
2040 2725 2130 2769 “ut,
2174 2722 2399 2777 ubicunque
2428 2726 2530 2765 intra

326 2790 430 2839 regni
457 2791 641 2829 terminos
671 2792 954 2841 negociationis
984 2805 1106 2830 causa
1135 2805 1224 2830 cum
1256 2793 1345 2831 suis
1380 2793 1649 2831 mercimoniis
1688 2792 1937 2837 devenerint,
1981 2790 2030 2829 ab
2068 2793 2173 2831 omni
2212 2794 2410 2834 solutione
2445 2794 2528 2835 the-

324 2856 423 2895 lonci
455 2861 493 2896 et
521 2858 799 2911 Torffue-gicld
827 2859 938 2898 liberi
969 2874 1061 2900 esse
1092 2860 1263 2900 debeant
1292 2865 1332 2900 et
1360 2862 1571 2915 exempti”.
1604 2884 1653 2890 —
1684 2859 1897 2913 Alceburq,
1928 2862 1966 2899 in
1995 2860 2242 2902 hebdomade
2272 2863 2453 2904 Paschae.

711 2929 881 2970 Terpager
904 2929 997 2972 Ripae
1024 2930 1152 2964 Cimbr.
1179 2942 1210 2974 p
1234 2931 1315 2963 688.
1363 2932 1450 2964 Dan.
1475 2931 1615 2975 interpr.
1641 2941 1693 2974 ap.
1721 2929 1890 2971 Galthen,
1915 2930 2038 2963 Beskr.
2065 2942 2145 2964 over
2168 2933 2254 2966 Ribe
2278 2945 2309 2977 p
2339 2934 2416 2968 162.

117 2998 143 3030 ι,
178 2997 281 3031 junii,
583 2988 737 3036 [1198]
794 2988 910 3040 Kong
937 2989 1045 3030 Ean<
1076 2992 1311 3032 GLIPPINGS
1342 2993 1526 3033 Stadsret
1561 2992 1621 3032 sor
1647 2991 1823 3044 Nyborg.
1868 3013 1917 3019 —
1961 2991 2040 3032 Udi
2077 2993 2152 3033 den
2186 2996 2307 3048 sjette
2334 2995 2528 3044 Maaned,

327 3054 473 3096 calend.
503 3055 607 3095 Junii
639 3058 665 3105 (i
695 3057 884 3108 Kongcns
916 3059 998 3096 12te
1018 3060 1357 3113 Regjeringsaar).

714 3125 1125 3171 Kolderup-Rosenvinge
1150 3131 1254 3164 Saml.
1279 3132 1319 3164 af
1339 3132 1385 3174 gl.
1413 3132 1542 3164 danske
1567 3132 1658 3163 Love
1681 3130 1726 3162 V.
1752 3130 1954 3175 185—5003
1974 3132 2040 3173 jsr.
2066 3132 2264 3176 Indledning
2283 3137 2319 3168 S.
2340 3137 2382 3168 L.
2400 3135 2531 3169 hvon-af

715 3196 808 3229 sees,
834 3191 867 3220 nt
892 3190 945 3222 det
971 3201 1030 3223 ene
1055 3192 1093 3223 af
1115 3191 1154 3224 de
1178 3194 1212 3224 to
1239 3193 1292 3226 for
1315 3195 1477 3235 Udgaven
1505 3191 1682 3235 benyttede
1709 3192 1975 3227 Haandskrifter
1999 3193 2064 3227 har
2087 3196 2274 3229 Aarstallet
2302 3197 2399 3230 1272.
2447 3199 2527 3231 Men

87 2452 119 2483 6-
152 2451 289 2493 ΑΡΓῙῙῙΕ·
581 2451 736 2500 [1196]
793 2451 919 2492 Emer
956 2451 1064 2503 regis
1101 2449 1288 2496 libertas,
1331 2449 1421 2489 data
1464 2449 1620 2489 civibus
1654 2449 1924 2504 Ripensibus,
1966 2449 2196 2489 “deserendi
2231 2451 2269 2490 in
2305 2451 2529 2493 Flandriam
2584 2501 2585 2505 Ἰ
2634 2406 2639 2674 ι

714 3248 801 3281 dctte
825 3259 946 3292 passer
970 3250 1053 3286 ikke
1079 3251 1117 3286 til
1143 3253 1305 3297 Kongens
1333 3254 1410 3288 12te
1428 3252 1725 3298 Regjeringsaar,
1751 3253 1880 3288 hvilket
1905 3255 2012 3299 begge
2035 3257 2303 3293 Haandskrifter
2327 3259 2428 3293 have.
2639 3246 2643 3329 l
