2649 3686
348 157 412 204 92
1020 152 1175 200 Koxe
1208 149 1498 196 VALDEMAR
1533 161 1630 193 DEN
1665 145 1868 192 Axnssx.

332 231 2542 256 W

161 332 277 372 1220,
613 327 741 375 [660]
798 325 983 365 Hoxomr
1031 321 1155 372 (lllffi')
1197 320 1321 365 bulla,
1368 331 1443 370 qua
1486 316 1564 355 “ad
1607 316 1806 368 exemplar
1846 315 2211 368 praedecessorum,
2263 314 2475 354 Alexandri
2517 320 2557 354 et

126 402 178 435 16·
203 401 329 433 Novbr.
357 398 598 439 Innocentii”
629 396 824 443 omnihus,
853 394 1026 446 regibus,
1054 390 1296 446 principibus
1326 392 1366 427 et
1392 387 1590 425 universis
1620 385 1684 424 dei
1713 385 1912 432 fidelibus,
1942 387 2008 438 qui
2037 398 2200 437 regnum
2229 384 2366 424 Daniae
2395 386 2557 424 circum-

349 470 544 514 habitant,
584 466 657 505 sul)
695 465 996 505 comminatione
1032 461 1293 501 anathematis
1329 455 1558 510 prohibetur
1593 455 1823 507 praedictum
1859 468 2022 507 regnum
2061 454 2247 493 invadere
2282 455 2346 493 vel
2382 455 2557 503 turbare,

351 540 411 577 vel
436 541 524 591 jura
553 537 750 575 Danorum
780 536 885 586 regis
915 535 999 572 sive
1029 531 1226 571 haeredum
1256 530 1345 581 ejus
1373 527 1548 565 minuere
1578 525 1640 564 vel
1668 539 1874 577 usurpare.
1905 547 1954 553 --
1991 525 2223 573 Laterani,
2265 524 2376 564 XVI.
2407 525 2557 564 calend.

351 610 556 650 Dccembr.
585 605 725 661 pontif.
755 618 855 643 anno
881 603 929 641 V.

741 673 910 718 Raynald.
937 671 1070 704 Contin.
1094 672 1218 702 Baron.
1246 667 1286 699 ad
1313 676 1389 698 ann.
1418 663 1516 697 1220.
1540 665 1711 698 XXXIII.
1738 664 1887 709 Tom.¹1.
1912 676 1945 708 p.
1970 665 2050 697 478.

96 751 102 757 “
135 755 159 783 1‘.
193 753 313 784 Det—br.
610 737 738 786 [670.]
795 735 937 773 Literae
962 732 1150 770 Hoxonn
1181 726 1306 779 (Illffi)
1334 740 1445 779 papa:
1475 725 1526 763 ad
1553 740 1686 778 regem
1716 726 2035 774 waldemarum,
2065 727 2114 766 de
2144 726 2338 779 Gregorio
2369 740 2403 765 s.
2434 724 2576 771 Theo-,

351 813 435 850 dori
466 810 630 848 diacono
660 805 874 849 cardinale,
917 804 954 841 in
983 802 1148 840 Daniam
1179 802 1365 850 tanquam
1395 797 1525 847 legato
1555 796 1605 835 de
1634 797 1756 836 latere
1785 796 1992 836 mittendo.
2031 810 2080 824 '—
2118 798 2347 845 Laterani,
2391 795 2440 835 ll.
2470 809 2560 834 non.

351 879 601 924 Decembris,
632 874 784 929 (pontis.
814 886 913 911 anno
945 871 1110 924 quinto).

737 943 840 975 Suhm
866 941 955 973 nist.
980 940 1020 972 as
1039 939 1183 971 Danmk.
1209 938 1271 969 IX.
1297 936 1375 968 755.

119 1020 172 1050 29.
207 1018 323 1050 Decbr.
609 1006 734 1054 [671.]
792 1003 973 1041 Hoxonn
1011 998 1131 1050 (llltii)
1168 1012 1278 1051 papae
1315 997 1365 1036 ad
1395 996 1690 1036 waldemarum
1719 998 1857 1037 Daniae
1886 1011 2018 1050 regem
2048 998 2193 1045 literae,
2238 997 2383 1051 quihus
2412 996 2560 1049 Grego-

349 1082 445 1118 rium
475 1078 523 1116 de
553 1075 802 1119 Crescentio,
833 1072 875 1109 S.
906 1070 1100 1109 Theodori
1131 1069 1338 1106 diaconum
1375 1067 1636 1115 cardinalem,
1679 1068 1853 1120 legatum
1892 1070 1930 1108 in
1959 1069 2129 1108 Daniam
2159 1069 2351 1114 missum,
2397 1070 2468 1106 “ut
2497 1080 2562 1105 ex-

351 1150 491 1200 stirpet
507 1146 641 1184 nociva
666 1148 704 1183 et
726 1143 875 1196 plantet
897 1139 1108 1184 salubria’'‚
1137 1139 1219 1190 regi
1236 1137 1498 1176 commendat.
1515 1160 1565 1165 —
1583 1139 1802 1187 Laterum,
1832 1138 1902 1177 IV.
1926 1139 2001 1178 cal.
2016 1139 2206 1186 Januarii,
2232 1137 2372 1191 pontif.
2395 1151 2498 1176 anno
2512 1137 2561 1175 V.

734 1214 875 1246 Pontan.
900 1212 999 1243 Rerr.
1024 1210 1135 1240 Dann.
1161 1207 1253 1240 Hist.
1276 1207 1373 1240 Libr.
1397 1208 1460 1240 VI.
1486 1219 1517 1251 p.
1542 1208 1624 1241 308.
1669 1208 1752 1241 Vid.
1777 1219 1883 1251 supra
1906 1220 1963 1242 no.
1992 1208 2068 1243 169.

117 1289 170 1320 31.
208 1288 323 1319 Dccbr.
605 1275 732 1324 [672]
788 1273 978 1312 Hos-oms
1010 1268 1136 1321 (lllffi)
1174 1283 1286 1322 papae
1323 1270 1374 1308 ad
1408 1269 1756 1327 archiepiscopum
1793 1270 2049 1310 Lundensem
2079 1274 2120 1310 et
2157 1271 2247 1323 ejus
2285 1269 2561 1322 suffraganeos

347 1349 605 1401 praelatosque
632 1348 695 1396 (ut
720 1347 758 1382 et
779 1343 828 1382 ad
851 1341 1176 1393 archiepiscopos
1197 1343 1237 1378 et
1257 1340 1442 1392 praelatos
1468 1331 1632 1379 aliarum
1660 1340 1975 1393 provinciarum)
2002 1341 2144 1388 literae,
2174 1345 2218 1379 ut
2246 1340 2419 1392 legatum
2449 1329 2563 1378 sedis

347 1417 573 1470 apostolicae
612 1414 843 1466 Gregorium
887 1412 935 1450 de
976 1411 1225 1457 crescentio,
1269 1410 1313 1448 S.
1351 1409 1551 1449 Theodori
1589 1410 1799 1450 diaconum
1838 1404 2098 1460 cardinalem,
2140 1425 2212 1464 pro
2252 1410 2442 1462 dignitate
2472 1411 2562 1462 ejus

347 1488 486 1526 devote
515 1486 724 1538 excipiant.
760 1505 803 1511 -
836 1483 1061 1528 Laterani,
1091 1479 1140 1518 Il.
1171 1479 1323 1519 calend.
1353 1479 1514 1518 Januar.
1543 1481 1684 1533 pontif.
1716 1495 1818 1520 anno
1850 1483 2001 1535 quinto.

732 1552 910 1594 Liljegren
935 1551 1158 1593 Diplomatar.
1183 1553 1326 1582 Svecan.
1353 1550 1380 1582 l.
1407 1560 1462 1582 no.
1487 1550 1567 1583 201.
1591 1562 1624 1594 p.
1648 1551 1728 1584 217.

604 1615 731 1664 [673.]
786 1613 1059 1653 ἎΤΑυηκηιΛΒΙ
1102 1611 1305 1651 Danorum
1347 1614 1463 1664 regis·
1498 1612 1696 1664 diploma,
1742 1627 1819 1666 quo
1863 1613 1942 1652 “ad
1984 1617 2164 1666 rogatum
2204 1612 2366 1651 fratrum
2411 1610 2562 1650 ordinis

346 1682 646 1726 Praedicatorum
689 1689 728 1724 et
765 1683 814 1723 ob
843 1683 1094 1722 dilectionem
1125 1683 1298 1720 omnium
1334 1682 1620 1721 mercatorum”
1655 1685 1913 1735 permittitur,
1958 1687 2002 1722 ut
2031 1685 2070 1722 in
2099 1682 2359 1723 Falsterbode
2389 1683 2563 1733 erigatur

348 1759 528 1809 “signum
567 1755 727 1808 aliquod
764 1754 1018 1793 discretivum
1053 1766 1125 1804 pro
1163 1751 1324 1790 vitando
1361 1752 1539 1804 periculo
1578 1754 1894 1805 navigantium”,
1939 1758 1980 1793 et
2017 1758 2061 1793 ut
2089 1754 2194 1806 ligna
2232 1752 2283 1791 ad
2318 1752 2396 1791 hoc
2425 1765 2562 1791 neces·
2627 1752 2641 1796 3¹¹

2634 1801 2640 1815 b

350 1829 452 1866 saria
482 1828 518 1865 in
545 1840 663 1878 regno
694 1828 899 1870 secentur,
941 1822 1253 1875 prohibeturque
1291 1826 1368 1861 “ne
1407 1823 1500 1874 quis
1539 1823 1635 1862 illud
1673 1838 1776 1863 ausu
1814 1825 2026 1863 temerario
2061 1824 2194 1877 palam
2224 1823 2287 1862 vel
2323 1822 2478 1862 occulte
2506 1823 2564 1860 in-
2628 1837 2638 1869 χ

350 1897 514 1948 sringere
543 1895 686 1935 audeat
715 1895 775 1934 vel
804 1894 996 1932 vastare”.
1034 1915 1087 1920 —
1117 1892 1211 1930 Sine
1241 1906 1357 1932 anno.
2626 1879 2628 1890 ¹

735 1967 869 2007 Dreyex·
903 1963 1081 2005 Specimen
1114 1963 1155 1995 de
1186 1963 1370 2004 naufragio
1404 1975 1436 2006 p.
1469 1964 1600 1996 LXIV.
1663 1963 2103 2008 Liljegren,Diplomatar.
2142 1965 2287 1996 Svecan.
2323 1964 2351 1996 I.
2389 1973 2445 1996 no.
2481 1962 2563 1995 828.
2611 2008 2626 2015 .‚

736 2038 770 2070 p.
794 2026 874 2059 687.
922 2025 997 2058 cfr.
1023 2025 1129 2057 Suhm
1154 2024 1244 2057 nist.
1271 2025 1312 2058 af
1330 2026 1479 2058 Danmk.
1503 2026 1567 2059 IX.
1592 2026 1673 2058 373.

162 2161 274 2200 1221.
566 2135 570 2141 ’
1378 2151 1522 2201 1221.

94 2245 146 2276 '‘3¹-
184 2246 325 2277 Januar.
612 2251 738 2300 [674]
796 2249 986 2289 Honoml
1013 2247 1139 2300 (Illffi)
1166 2262 1277 2303 papae
1305 2243 1360 2288 ad
1380 2249 1524 2289 Olaum
1550 2250 1896 2303 archiepiscopum
1921 2249 2188 2302 Upsalensem
2220 2250 2355 2297 literae,
2384 2254 2429 2289 ut
2459 2252 2561 2290 vice·

350 2324 491 2361 simam
516 2321 874 2360 ecclesiasticorum
899 2323 1156 2373 proventuum
1183 2324 1223 2358 et
1245 2334 1408 2359 censum
1435 2320 1484 2359 de
1509 2320 1654 2359 Svecia
1684 2321 1864 2360 ecclesiae
1889 2320 2079 2359 Romanae
2105 2319 2278 2359 debitum
2299 2324 2369 2359 aut
2390 2321 2560 2360 Romam
2622 2351 2624 2373 f

280 2410 282 2415 ·
351 2396 416 2430 aut
440 2391 490 2430 ad
512 2403 885 2431 ARCHIEPIScoPum
909 2390 1177 2428 LUNDENSEM
1200 2405 1270 2443 per
1294 2391 1454 2429 nuntios
1469 2392 1612 2429 mittat.
1633 2413 1682 2418 -
1704 2392 1925 2437 Laterani,
1949 2389 1997 2428 Π.
2017 2389 2090 2428 cal.
2105 2389 2220 2428 Febr.
2237 2390 2377 2443 pontif.
2393 2404 2495 2430 anno
2510 2391 2560 2430 V.
2620 2387 2630 2444 :1-

736 2460 898 2494 Vastovii
924 2460 1018 2492 Vitis
1043 2459 1191 2503 aquilon.
1216 2472 1248 2503 p.
1277 2461 1353 2493 172.
1401 2460 1579 2502 Liljegren
1603 2461 1829 2504 Diplomatar.
1855 2463 1997 2492 Svecan.
2022 2461 2049 2492 Ι.
2075 2469 2130 2492 no,
2155 2460 2235 2492 207.
2261 2471 2292 2503 p.
2319 2459 2413 2493 22l.'

121 2532 175 2564 25.
201 2533 328 2567 Martii.
612 2534 739 2581 [675]
796 2532 984 2572 HON0n11
1023 2530 1150 2580 (Illffi)
1186 2546 1298 2586 papae
1336 2533 1387 2573 ad
1425 2534 1753 2587 archiepiscopos
1783 2533 2050 2586 Upsalensem
2093 2536 2133 2571 et
2167 2532 2445 2581 Lundensem,
2489 2548 2561 2573 nec

354 2617 427 2641 non
457 2605 686 2655 episcopum
717 2604 952 2642 Scarensem
980 2605 1037 2652 (et
1065 2603 1199 2656 plures
1229 2603 1318 2642 aliis
1348 2603 1465 2654 locis)
1503 2604 1648 2651 literae,
1691 2608 1737 2643 ut
1774 2603 1983 2642 nonnullos
2019 2603 2127 2641 viros
2163 2603 2336 2650 electos,
2379 2605 2562 2656 inprimis

355 2686 402 2710 ex
440 2672 571 2711 ordine
601 2672 946 2719 Cisterciensium,
982 2673 1151 2712 Romam
1181 2675 1359 2721 mittant,
1398 2675 1464 2727 qui
1508 2674 1562 2713 ibi
1606 2675 1658 2713 ad
1691 2672 1985 2727 propagandam
2021 2672 2137 2710 fidem
2167 2671 2424 2712 christianam
2463 2675 2562 2714 inter
2618 2659 2622 2709 ,Ι

357 2745 492 2790 gentes
521 2741 647 2780 adhuc
678 2743 833 2794 ignotas
864 2743 1115 2781 instruantur.
1147 2766 1195 2770 —
1226 2744 1456 2792 Laterani,
1488 2772 1634 2783 ......
1665 2743 1820 2796 (pontif.
1851 2756 1953 2781 anno
1982 2742 2049 2791 V.)
2618 2785 2619 2792 ἵ

742 2811 918 2852 Liljegren
942 2811 1091 2854 Diplom.
1117 2814 1257 2846 Svecan.
1282 2815 1310 2847 Ι.
1335 2824 1391 2846 no.
1416 2814 1496 2847 208.
1521 2825 1554 2858 p.
1578 2813 1750 2847 221—23.
1799 2813 1872 2846 Cfr.
1900 2812 2005 2844 Suhm
2030 2811 2120 2844 Hist.
2147 2807 2188 2845 af
2212 2814 2360 2847 Danmk.
2391 2815 2454 2847 lx.
2479 2813 2559 2856 389.

614 2883 741 2930 [676]
798 2884 1013 2924 JOHANNIS
1060 2886 1239 2926 eeclesiae
1281 2886 1562 2940 VVibergensis
1604 2885 1806 2938 praepositi
1857 2885 2098 2936 compositio
2139 2888 2417 2929 controversiae
2461 2888 2560 2927 inter
2644 2923 2649 2928 .

361 2953 571 2990 canonicos
600 2951 881 3002 Wilmrgenses
911 2957 949 2991 et
976 2954 1192 2994 monachos
1220 2956 1323 2995 Vitae
1355 2957 1509 2996 Scholae
1539 2956 1588 2995 de
1619 2955 1818 2994 divisione
1846 2958 2045 3007 pratorum
2076 2956 2114 2994 in
2144 2956 2273 2995 insula
2300 2956 2454 2996 Lasha.

747 3020 976 3063 Pontoppidan
999 3025 1088 3056 Anu.
1114 3024 1194 3057 eccl.
1219 3027 1305 3059 Dan.
1330 3027 1358 3059 1.
1384 3038 1415 3070 p.
1439 3026 1637 3059 636—637.

177 3153 296 3192 1222.
1381 3141 1527 3190 1222.

139 3238 173 3271 9.
198 3238 326 3271 Martii.
626 3231 753 3279 [677.]
808 3231 1115 3285 W(A1.nm1An1)
1147 3235 1342 3277 Danorum
1372 3239 1479 3290 regis
1508 3237 1704 3291 diploma,
1735 3249 1811 3290 quo
1842 3236 1920 3276 “ob
1951 3240 2208 3278 reverentiam
2236 3238 2313 3278 Dei
2342 3243 2383 3278 et
2410 3243 2557 3280 sanctae
2612 3254 2613 3287 ς

363 3304 498 3343 matris
535 3302 735 3342 eeclesiae”
772 3303 971 3342 canonicis
1014 3304 1191 3345 ecclesiae
1230 3306 1459 3348 Lundensis
1496 3308 1658 3349 liberam
1695 3307 1857 3347 dimittit
1894 3306 1943 3346 ab
1981 3309 2087 3348 omni
2119 3309 2209 3361 jure
2247 3311 2355 3362 regio
2393 3322 2557 3362 posses·
2612 3302 2613 3308 ¹
