2649 3686
358 123 458 173 208
474 119 483 124 ”
1135 115 1288 163 Koxs
1320 110 1451 159 Em
1484 108 1540 157 M
1543 124 1721 156 esven.

172 297 289 338 1309.
619 293 774 342 [l7ll.]
834 290 1073 330 Cunnenris
1111 283 1207 335 (vti)
1243 296 1353 337 papae
1383 280 1432 320 ad
1472 279 1664 318 decanum
1701 277 1994 317 Slesvicensem
2032 276 2174 321 literae,
2217 274 2363 328 quibus
2397 277 2566 325 mandat,

138 369 170 401 4.
195 367 328 411 septbr.
365 368 410 404 ut
438 378 568 403 curam
598 367 701 414 agat,
730 376 778 401 ne
801 361 866 413 qui
893 359 1069 398 homines
1095 356 1240 395 ordinis
1267 350 1544 392 Cisterciensis
1573 350 1610 387 in
1640 347 1825 401 personis
1854 350 1922 385 ant
1943 345 2061 385 bonis
2089 347 2178 384 suis
2207 349 2339 384 contra
2367 346 2566 398 privilegia

364 433 473 474 sedis
502 432 726 486 apostolicae
756 429 925 470 indebite
954 427 1220 466 molestentur.
1249 444 1303 451 —
1327 421 1519 461 Avinion.
1550 417 1598 458 11.
1629 431 1718 456 000.
1749 415 1972 468 Septembr.
2001 415 2138 468 pontif.
2166 428 2267 456 anno
2297 414 2364 454 IV.

756 499 941 542 Heni-iquez
959 496 1129 536 Menolog.
1151 490 1384 532 cisterciens„
1411 488 1592 532 privilegg.
1617 498 1649 530 p.
1674 486 1824 519 86—87.
1873 486 2168 519 Cod.Esromens.
2194 485 2254 517 fol.
2278 484 2448 519 xxvnb.
2494 485 2567 520 cfr„

758 561 862 594 Suhm
888 560 976 591 Hist.
1001 559 1039 589 af
1058 555 1206 589 Danmk.
1231 553 1294 585 XI.
1319 551 1398 583 570.

138 635 170 667 9.
198 633 335 668 Octobr.
631 622 784 671 [1712]
844 620 1030 659 Cecrmffl
1069 616 1192 654 viduae
1231 610 1554 652 Johannis·dicti
1590 608 1718 656 Kalff,
1762 609 1867 661 regis
1903 607 2106 647 Danorum
2136 606 2390 653 marschalci,
2432 610 2471 647 et
2504 608 2569 648 filii

371 696 460 748 ejus
490 692 640 733 Jacom
671 691 816 731 KALFF
847 690 982 733 literae,
1017 685 1158 738 quibus
1187 687 1336 735 partem
1367 694 1480 720 suam
1509 681 1546 718 in
1576 681 1691 718 terris
1719 679 1835 719 dictis
1865 678 2043 717 Lummae
2072 678 2201 724 mark,
2240 691 2341 731 quas
2370 675 2571 718 Johannes

367 763 477 803 Kalff
501 767 662 805 emerat.
692 765 730 800 et
759 758 977 798 scolaribus
1007 752 1289 794 Lundensibus
1321 752 1450 803 legare
1479 754 1763 804 proposuerat,
1792 749 1992 804 praedictis
2023 747 2246 791 scolaribus
2275 747 2492 787 conferunt.
2518 769 2571 776 —

369 834 445 874 Die
475 847 508 872 5.
538 831 717 883 Dionysii
747 833 784 868 et
814 829 1017 867 sociorum.

754 898 926 938 LilJegr-en
951 894 1177 937 Diplomatar.
1203 894 1348 924 Svecan.
1374 891 1418 924 ΙΙ.
1445 900 1499 922 no.
1529 889 1627 923 1634.
1652 901 1684 933 p.
1709 889 1790 922 586.

139 975 188 1007 15.
214 972 337 1006 Novbr.
626 960 769 1010 [1713]
825 958 946 996 Eruci
979 956 1112 994 Daniae
1143 955 1246 1005 regis
1275 953 1464 1005 diploma,
1496 953 1533 991 in
1565 966 1642 1005 quo
1674 951 1858 991 fratribus
1889 950 1938 990 de
1967 949 2163 990 Pudbuzk
2194 948 2423 999 (Pridboro,
2460 947 2572 987 Nico-

370 1034 431 1073 lao
462 1035 499 1070 et
528 1030 701 1077 Thezen)
733 1029 801 1081 jus
831 1026 1112 1065 haereditarium
1143 1026 1179 1063 in
1212 1024 1365 1063 insulas
1396 1023 1583 1062 Wittowe
1612 1025 1650 1062 et
1679 1021 1918 1061 Jarzmunde
1955 1020 2110 1067 tribuit,
2153 1021 2188 1060 si
2225 1019 2400 1065 Vitzlav,
2442 1018 2574 1058 Runa-

370 1115 506 1142 norum
531 1101 721 1153 princeps,
753 1099 836 1136 sine
861 1094 1082 1134 haeredibus
1106 1098 1341 1141 moreretur3
1372 1094 1425 1132 ita
1454 1097 1597 1140 tamen,
1627 1096 1671 1131 ut
1700 1098 1814 1131 “cum
1845 1091 1982 1131 decem
2012 1090 2218 1130 dextrariis
2247 1088 2466 1142 expeditis”
2494 1087 2575 1140 regi

370 1176 408 1211 et
436 1184 556 1222 regno
587 1169 721 1207 Daniae
751 1167 894 1206 servire
918 1169 1122 1204 teneantur
1159 1165 1196 1202 in
1234 1167 1491 1217 perpetuum,
1536 1167 1574 1202 et
1611 1163 1830 1203 commodis
1867 1163 1977 1214 regni
2013 1161 2135 1214 hujus
2172 1160 2358 1199 serviant.
2398 1181 2452 1187 —
2491 1158 2574 1212 Ny-

370 1243 585 1294 copz‘nqen,
613 1236 804 1277 sabbatho
833 1239 926 1289 post
950 1234 1117 1274 Martini.

754 1306 921 1348 Ludewig
944 1304 1106 1349 Reliquiae
1132 1307 1221 1338 Mss.
1241 1304 1322 1337 XII.
1348 1315 1380 1348 p.
1405 1303 1577 1337 421-23.
1627 1303 1701 1337 Cfr.
1727 1304 1832 1337 Suhm
1858 1303 1948 1337 Hist.
1974 1303 2014 1336 af
2040 1302 2189 1336 Danmk.
2213 1301 2278 1334 XI.
2301 1299 2382 1333 618.

184 1439 298 1480 1310.
1392 1419 1539 1469 1310.

122 1527 172 1559 13,
207 1527 345 1558 Januar.
629 1519 774 1570 [1714]
831 1518 972 1558 Literae
1004 1517 1183 1565 Essem,
1228 1518 1462 1557 Arusiensis
1492 1518 1691 1570 episcopi,
1714 1516 1880 1569 „quibus
1905 1515 2040 1570 jubet,
2082 1519 2126 1554 ut
2155 1514 2284 1554 clerici
2314 1526 2453 1553 omnes
2482 1513 2579 1552 Aru·
2648 1542 2649 1546 ,

370 1592 516 1632 siensis
547 1589 759 1635 dioecesis,
791 1590 969 1642 exceptis
997 1589 1188 1627 duntaxat
1217 1589 1418 1627 canonicis
1449 1591 1487 1626 et
1515 1588 1714 1640 religiosis
1744 1587 1924 1626 ecclesiae
1953 1587 2209 1632 Arusiensis,
2253 1588 2347 1638 post
2381 1586 2580 1636 receptum
2618 1575 2624 1580 ’

373 1661 672 1717 presbyteratus
703 1661 896 1706 ordinem,
942 1658 991 1698 ad
1030 1663 1112 1698 tres
1143 1672 1269 1698 annos
1299 1658 1518 1698 immediate
1548 1663 1764 1711 sequentes
1794 1658 1830 1696 in
1861 1657 1981 1696 choro
2018 1657 2196 1696 ecclesiae
2233 1656 2269 1694 in
2307 1659 2414 1694 statu
2452 1653 2580 1709 vicarii

369 1733 586 1772 ministrare
615 1735 829 1769 teneantur.
859 1751 913 1757 —
941 1729 1072 1777 Arm,
1103 1729 1139 1768 in
1171 1733 1310 1768 octava
1340 1727 1558 1782 epiphaniae
1589 1728 1746 1767 domini.

761 1799 949 1840 Langebek
974 1799 1114 1842 Scriptt.
1139 1800 1203 1832 VI.
1228 1799 1309 1834 413.

120 1875 171 1907 13.
208 1874 348 1906 Januar.
634 1862 788 1911 [1715]
846 1861 988 1914 Literae
1017 1859 1202 1908 Esunm,
1231 1861 1464 1900 Arusiensis
1494 1861 1693 1914 episcopi,
1741 1859 1888 1913 quibus
1926 1859 2133 1899 ecclesiam
2163 1857 2352 1898 Framleff
2376 1871 2463 1896 cum
2493 1870 2582 1896 con·

373 1949 496 1975 sensu
520 1932 688 1973 unanimi
709 1931 866 1984 capituli
889 1932 951 1970 sui
972 1931 1237 1983 praepositurae
1256 1931 1433 1970 ecclesiae
1449 1932 1681 1970 Arusiensis
1705 1932 1888 1971 annectit.
1903 1953 1957 1958 —
1979 1928 2020 1968 ln
2039 1934 2176 1969 octava
2194 1928 2408 1983 epiphaniae
2425 1927 2581 1967 domini.

372 2004 375 2007 ’
762 2003 949 2043 Langebek
975 2001 1115 2045 Scriptt.
1144 2003 1203 2035 VI.
1230 2002 1309 2034 458.

120 2079 170 2112 15,
207 2079 349 2111 Januar,
633 2064 776 2115 [1716]
835 2063 1040 2110 Cri-cumn,
1070 2064 1198 2103 viduae
1227 2063 1422 2103 Johannis
1451 2062 1575 2108 Kalff,
1606 2061 1837 2102 marschalci
1869 2062 1975 2113 regis
2003 2061 2227 2109 Danorum,
2265 2060 2402 2106 literae,
2439 2058 2583 2114 quibus

376 2137 481 2176 fratri
512 2150 585 2175 suo
607 2134 728 2174 Petro
752 2134 972 2173 Niclaesson
1005 2134 1052 2173 de
1081 2132 1274 2186 Elliaryth
1306 2135 1574 2173 auctoritatem
1605 2133 1684 2180 dat,
1714 2131 1817 2171 bona
1847 2145 1922 2171 sua
1951 2132 1986 2170 in
2009 2131 2306 2184 VVraghatliorp
2329 2135 2367 2169 et
2389 2129 2584 2182 VVragha-

375 2206 601 2260 thorpmark
643 2205 818 2245 ecclesiae
860 2203 964 2244 beati
992 2204 1194 2244 Laurentii
1223 2203 1428 2243 Lundensi
1472 2217 1542 2256 pro
1585 2203 1854 2242 anniversario
1897 2216 1972 2241 suo
2017 2206 2184 2241 scotare.
2228 2223 2278 2229 —
2321 2201 2504 2250 Laudis,
2546 2201 2584 2239 in

376 2279 438 2318 die
467 2276 640 2318 Marcelli
670 2289 793 2329 papae.
1155 2268 1159 2275 ⁸

768 2346 943 2388 Liljegren
970 2346 1192 2389 Diplomatar.
1219 2347 1362 2378 Svecan.
1387 2346 1432 2378 Π.
1458 2355 1512 2377 00.
1541 2343 1640 2377 1649.
1667 2355 1698 2387 p.
1724 2343 1896 2377 596-97.

125 2420 175 2452 18.
213 2421 354 2453 Januar.
638 2408 783 2459 [1717]
840 2408 999 2448 Esceiu
1030 2408 1209 2461 episcopi
1239 2408 1473 2446 Arusiensis
1505 2407 1642 2453 literae,
1686 2405 1833 2459 quibus
1873 2405 2080 2444 ecclesiam
2111 2401 2323 2441 Hunzlund
2351 2415 2497 2442 mensae
2525 2413 2586 2456 9³·

378 2480 602 2520 nonicorum
635 2480 912 2518 Arusiensium
942 2480 978 2518 in
1009 2482 1241 2531 perpetuum
1272 2478 1455 2517 annectit.
1485 2499 1539 2506 --
1572 2468 1745 2529 ὀετυνρ,
1775 2476 1837 2516 die
1864 2474 1988 2514 beatae
2017 2473 2166 2512 Priscae
2194 2473 2370 2525 virginis.

769 2549 955 2590 Langebek
980 2547 1118 2591 Scriptt.
1144 2548 1206 2581 v1.
1233 2547 1404 2580 413-14.

160 2624 193 2656 5,
218 2622 349 2656 Martii,
641 2609 785 2661 [1718]
842 2610 1030 2650 Bincnm
1062 2610 1263 2649 Sveonum
1294 2609 1398 2661 regis
1429 2609 1621 2662 diploma,
1665 2622 1744 2661 quo
1773 2606 1941 2647 Folkoni
1969 2605 2146 2644 Jonsson
2185 2604 2330 2644 curiam
2358 2604 2487 2658 Algae
2515 2617 2586 2658 pro

384 2680 456 2718 fide
493 2684 530 2719 et
569 2680 683 2732 longo
721 2681 878 2719 servitio
918 2680 1052 2719 donat.
1123 2678 1226 2719 Inter
1262 2684 1390 2719 testes
1428 2681 1645 2719 nominatur
1679 2674 1859 2733 E(ricus)
1897 2690 1964 2716 rex
1993 2675 2209 2715 Danorum.
2253 2696 2302 2703 —
2345 2675 2586 2728 Helsin96r‚

385 2748 450 2787 lll.
483 2764 568 2788 000.
597 2749 740 2788 Martii.

770 2819 946 2860 Liljegren
969 2818 1196 2861 Diplomatar.
1221 2820 1364 2852 Sveean.
1388 2821 1432 2853 11.
1456 2831 1511 2853 no.
1540 2820 1640 2853 165⁷.
1664 2830 1696 2862 p.
1719 2817 1800 2851 604.

160 2887 210 2919 15.
236 2886 363 2919 Martii.
644 2880 787 2930 [1719]
844 2880 1005 2919 Eamus
1036 2894 1101 2918 rex
1133 2881 1279 2931 gratias
1310 2895 1447 2920 omnes
1477 2886 1516 2921 et
1545 2881 1769 2925 libertates,
1807 2877 2045 2918 monasterio
2075 2876 2307 2917 Esromensi
2343 2877 2445 2917 circa
2473 2875 2588 2924 lnnae,
2618 2898 2621 2904 ν

390 2946 507 2985 Stuth
525 2951 562 2987 et
576 2948 744 3000 Lething
761 2963 986 2995 concessas,
1011 2950 1223 2989 confirmat.
1244 2973 1299 2979 —
1322 2950 1543 3003 Siobnrylz,
1568 2951 1757 2990 dominica
1781 2962 1890 3001 prox.
1906 2954 2000 3009 post
2025 2947 2128 2987 diem
2153 2947 2256 2988 beati
2273 2947 2451 3000 Gregorii
2464 2959 2588 3000 papae.

778 3019 959 3059 Langebek
984 3018 1121 3061 Scriptt.
1148 3020 1209 3052 IX.
1304 3044 1313 3053 .
1362 3021 1445 3054 Cod.
1471 3022 1606 3054 Esrom.
1632 3020 1693 3052 fol.
1718 3020 1827 3052 hun.

651 3077 796 3129 [1720]
852 3079 1046 3132 Euneos)
1087 3096 1151 3121 rex
1189 3070 1370 3123 abbatem
1406 3088 1445 3122 et
1484 3083 1622 3122 fratres
1651 3079 1907 3120 Esromensis
1943 3079 2168 3119 monasterii
2198 3092 2269 3117 nec
2305 3093 2381 3118 000
2419 3077 2589 3117 famulos

396 3149 433 3184 et
468 3147 624 3185 nuntios
662 3161 794 3187 corum
833 3149 972 3189 liberat
1009 3165 1029 3190 a
1066 3151 1268 3199 theloneo,
1310 3152 1379 3192 ubi
1422 3152 1471 3193 ad
1510 3151 1790 3205 “passagium'’
1826 3150 1992 3189 veniant,
2035 3171 2085 3176 —
2131 3148 2355 3203 Sioburqh,
2399 3148 2590 3189 dominica

396 3216 566 3267 proxima
596 3221 686 3268 post
715 3217 814 3256 diem
842 3217 879 3257 b.
911 3219 1086 3272 Gregorii
1114 3236 1239 3275 papae.

788 3288 1012 3332 Pontoppidan
1037 3291 1174 3325 Annali.
1201 3292 1282 3326 eccl.
1307 3294 1395 3326 Dan.
1421 3293 1465 3326 11.
1491 3303 1522 3336 p.
1551 3291 1626 3325 101.
1675 3290 1758 3324 Cod.
1784 3291 1908 3324 Esrom
1934 3290 1994 3324 fol.
2018 3287 2148 3324 Lllllb.

165 3078 215 3111 15.
240 3077 369 3111 Martii.
