2649 3686
177 332 295 374 1308.

140 405 173 435 8.
200 403 331 446 septbr.

130 614 182 646 29.
210 613 346 646 Octobr.

200 2494 316 2533 1309.

149 2580 197 2610 13.
225 2580 364 2610 Januar.

150 2855 203 2886 2³2.
231 2856 369 2886 Januar.

158 3130 212 3161 24.
239 3132 382 3162 Januar.

364 159 461 210 206
1164 149 1317 197 Koxe
1350 143 1482 192 Eam
1515 141 1751 189 MENVED.

364 221 2570 256 —ffae——m

631 329 787 379 [1692]
845 327 1005 370 Literae,
1036 321 1181 375 quibus
1210 317 1371 357 Eamus
1401 327 1469 352 rex
1499 312 1626 358 bona,
1653 324 1724 363 per
1752 311 2030 348 testamentum
2060 306 2204 345 domini
2227 304 2366 345 Jacobi
2391 294 2570 346 Oleffsiin
2613 310 2615 313 ’

369 402 603 442 monasterio
634 401 669 438 in
700 396 912 437 Ebhleholt
941 395 1095 437 relicta,
1132 390 1223 429 huic
1262 385 1310 425 ab
1341 383 1580 436 impetitione
1610 382 1715 433 regia
1742 379 1864 419 libere
1892 376 2138 432 possidenda
2167 375 2357 415 concedit.
2391 380 2457 404 —'
2481 375 2570 416 Sib-

370 472 516 526 burqle,
549 471 585 509 in
615 470 717 509 sesto
748 469 861 506 nativ.
893 465 931 503 b.
961 462 1092 501 Mariae
1123 457 1296 509 virginis.

760 535 947 576 Langebek
972 531 1110 572 Scriptt.
1135 528 1197 560 VI.
1227 523 1303 557 168.

635 597 790 647 [1693]
848 596 963 634 Emer
1000 592 1200 630 Danorum
1239 585 1550 635 sclavorumque
1587 581 1693 632 regis
1730 579 1948 631 assignatio
1986 577 2035 617 ad
2073 576 2260 616 consules
2296 573 2575 624 Lubecenses,

370 677 414 712 ut
450 685 497 711 ex
534 670 717 723 pecunia,
768 679 883 718 quam
920 663 954 701 ei
992 661 1095 699 festo
1132 656 1290 695 Martini
1329 653 1485 692 solvere
1521 650 1737 697 debebant,
1779 650 1914 688 nuntio
1957 647 2102 687 domini
2140 645 2465 707 Magnopolensis
2504 649 2576 686 tre-

373 746 510 782 centas
541 737 816 792 quinquaginta
847 744 998 771 marcas
1029 728 1181 767 solvere
1210 725 1340 763 velint.
1370 745 1423 752 -—
1452 722 1594 774 Ripz's,
1624 722 1660 760 in
1692 721 1864 759 crastino
1898 718 2074 758 Simonis
2103 721 2142 757 et
2169 716 2296 757 Judae.

762 802 933 837 Sartorius
960 798 1084 832 Gesch.
1111 797 1142 828 d.
1167 797 1284 827 Hanse
1310 793 1361 826 ed.
1388 792 1624 835 Lappenberg.
1649 791 1694 824 II.
1723 790 1886 822 CXVIIe.
1912 799 1944 821 a.
1971 799 2003 831 p.
2028 787 2108 819 243.

634 866 779 917 [1694]
836 864 976 902 Literfe
1006 870 1200 897 CAPlTULI
1231 868 1411 894 saxc'rAE
1439 853 1599 892 MAmAE
1628 852 1829 890 Rn’ENsls
1860 862 2094 895 ECCLl-JSME,
2138 846 2282 901 quibus
2311 849 2446 886 notum
2475 846 2578 894 facit,

375 940 481 993 quod
511 937 711 977 Johannes
743 933 865 971 abbas
894 930 991 969 Loci
1023 928 1098 966 Dei
1137 930 1175 965 et
1211 925 1418 976 Langsum
1458 923 1589 962 dictus
1627 921 1751 973 Tuly‚
1795 925 1922 960 rector
1960 919 2138 959 ecclesiae
2174 919 2382 969 Hwitting,
2427 918 2579 957 nomine

374 1010 504 1049 fratris
536 1008 597 1046 sui
626 1003 831 1044 Michaelis
861 1000 985 1051 Tnly,
1032 1011 1192 1037 causam
1231 997 1329 1034 inter
1365 1008 1436 1034 eos
1477 994 1526 1032 de
1564 992 1678 1031 bonis
1716 991 1950 1044 quibusdam
1989 991 2026 1029 in
2055 989 2285 1041 Bylsteterp
2327 991 2365 1026 et
2402 988 2580 1040 Arndrop

374 1093 461 1118 cum
498 1075 715 1116 molendino
752 1074 923 1111 exortam
962 1068 1219 1120 Chrystierno
1259 1066 1450 1118 episcopo
1491 1067 1530 1102 et
1566 1061 1738 1102 Johanni
1774 1061 2049 1101 archidiacono
2086 1054 2255 1113 Ripensi
2293 1059 2582 1115 dijudicandam

376 1147 649 1188 commiserint.
680 1166 732 1172 —-
760 1142 893 1193 Ripz's.
1019 1183 1022 1186 Α

763 1209 946 1251 Langebek
972 1208 1110 1251 Scriptt.
1136 1207 1232 1239 VIII.
1262 1204 1336 1237 150.

631 1274 785 1322 [1695]
845 1272 1101 1310 Cmswmnm
1134 1267 1313 1321 episcopi
1343 1265 1534 1318 Ripensis
1564 1268 1602 1304 et
1632 1264 1854 1303 JOHANNIS
1884 1262 2144 1303 archidiaconi
2175 1263 2366 1302 sententia
2395 1262 2584 1303 arbitralis

375 1351 410 1387 in
442 1360 562 1387 causa
593 1346 689 1383 inter
717 1342 951 1381 Michaelem
982 1339 1070 1378 Tuli
1102 1343 1140 1378 et
1169 1330 1455 1377 monasterium
1480 1335 1578 1374 Loci
1606 1334 1683 1374 Dei
1712 1334 1761 1373 de
1792 1333 2029 1387 quibusdam
2057 1331 2174 1371 bonis
2213 1333 2249 1371 in
2281 1333 2521 1386 Bilstedterp
2548 1337 2586 1373 et
2647 1362 2649 1369 .

376 1417 554 1469 Arndrup
585 1428 671 1454 cum
703 1412 942 1457 molendino,
974 1423 1058 1463 quae
1088 1409 1328 1446 monasterio
1357 1406 1645 1459 adjudicantur.
1667 1427 1722 1434 —
1744 1405 1885 1458 Ripz's‚
1916 1405 1979 1443 “in
2004 1404 2108 1443 curia
2137 1404 2297 1443 nostra’'
2327 1403 2587 1457 (episcopali).

765 1481 950 1523 Langebek
975 1480 1113 1522 Scriptt.
1139 1478 1239 1511 VIII.
1269 1476 1345 1509 149.

635 1544 790 1593 [1696]
851 1543 1052 1583 CAmnm
1081 1540 1288 1579 R1pms1s
1320 1539 1459 1586 literae,
1491 1536 1641 1590 quibus
1671 1540 1807 1575 notum
1839 1535 1950 1582 facit,
1981 1535 2086 1588 quod
2117 1535 2313 1575 “Michael
2337 1535 2468 1575 dictus
2485 1534 2587 1587 Tuly
2647 1543 2649 1549 ⁴

377 1617 703 1669 compromissum
732 1628 800 1667 per
829 1613 1035 1664 Langsum
1066 1610 1312 1650 sacerdotem
1342 1609 1499 1647 fratrem
1528 1621 1665 1653 suum,
1710 1608 1746 1645 in
1778 1620 1900 1646 causa
1931 1619 2048 1658 quam
2078 1604 2215 1644 habuit
2243 1609 2376 1644 eontra
2413 1604 2590 1645 abbatem
2648 1603 2649 1637 Ῐ

380 1693 418 1728 et
446 1687 722 1726 monasterinm
753 1685 847 1723 Loci
876 1683 952 1722 Dei
983 1695 1102 1734 super
1133 1679 1368 1733 quibusdam
1398 1677 1514 1717 honis
1544 1678 1581 1716 in
1611 1676 1796 1716 Bilstaedt
1827 1676 1931 1729 Terp
1961 1679 2001 1714 et
2028 1675 2210 1728 Arndorp
2241 1689 2328 1714 cum
2357 1675 2591 1721 molendino,
2648 1669 2649 1673 ¹

383 1759 534 1797 nomine
565 1770 638 1795 suo
669 1755 835 1798 factum,
867 1742 991 1793 ratum
1022 1751 1177 1798 habuit,
1205 1753 1243 1788 et
1273 1750 1508 1788 sententiam
1536 1747 1738 1786 reverendi
1767 1748 1912 1800 patris,
1945 1746 2090 1785 domini
2121 1746 2322 1785 Cristierni
2351 1747 2526 1799 episcopi
2555 1750 2592 1785 et

379 1827 570 1867 ,Iohannis
600 1824 880 1870 archidiaconi,
923 1822 1156 1863 arbitrorum
1195 1822 1231 1860 in
1271 1824 1487 1859 memorata
1525 1831 1647 1857 causa
1685 1818 1918 1862 electorum,
1963 1820 2164 1869 acceptam
2202 1816 2339 1856 habuit
2369 1822 2409 1856 et
2435 1817 2593 1870 penitus

379 1896 644 1950 approbavit'’.
672 1917 726 1924 -—
755 1895 887 1947 RIpz's.
2246 1878 2247 1881 Ἰ

772 1964 960 2006 Langcbek
985 1961 1125 2005 Scriptt.
1150 1961 1248 1993 VIII.
1277 1960 1354 1992 147.

642 2027 786 2078 [1697.]
844 2027 944 2065 Acta
976 2024 1134 2077 capituli
1166 2022 1360 2074 generalis
1390 2020 1537 2060 ordinis
1567 2019 1890 2058 Praedicatorum.
1956 2018 1975 2070 ᾖ
2010 2017 2078 2058 13:
2119 2017 2406 2058 “Absolvimus
2443 2019 2594 2071 priores

381 2097 642 2151 provinciales
672 2097 844 2143 DAcm,
889 2095 1092 2135 Teutoniae
1123 2115 1172 2122 —-
1204 2093 1305 2131 etc.”
1371 2091 1391 2142 ξ
1425 2091 1495 2130 19:
1538 2090 1669 2140 “Quia
1703 2090 1818 2129 frater
1847 2089 2050 2128 Ennomus
2083 2102 2132 2126 DF.
2165 2101 2397 2128 PnovmclA
2427 2088 2596 2135 Dum,
2648 2119 2649 2123 ,

383 2170 593 2221 deputatus
623 2168 754 2206 studio
784 2166 1018 2211 Parisiensi,
1064 2164 1112 2204 de
1140 2163 1342 2217 provincia
1379 2175 1451 2200 sua
1481 2161 1567 2200 sine
1596 2161 1705 2199 socio
1733 2161 1922 2205 recessit,
1965 2160 2097 2212 ipsum
2130 2159 2167 2197 in
2206 2172 2372 2212 poenam
2408 2172 2430 2198 a
2467 2158 2596 2198 studio

383 2252 633 2284 revocamus,
677 2241 715 2277 et
744 2237 882 2276 damus
913 2237 947 2274 ei
977 2235 1112 2274 decem
1144 2234 1230 2275 dies
1267 2234 1304 2271 in
1335 2246 1436 2285 pane
1470 2235 1509 2271 et
1546 2243 1668 2283 aqua,
1714 2230 1849 2269 decem
1877 2229 2047 2276 missas,
2091 2233 2130 2269 et
2165 2229 2299 2269 decem
2329 2229 2597 2283 disciplinas”.

392 2331 434 2337 —
466 2308 514 2348 In
543 2307 706 2348 Padua.

774 2378 933 2409 Martene
958 2377 990 2408 et
1014 2373 1157 2407 Durand
1181 2373 1347 2405 Thesaur.
1373 2382 1449 2404 nov.
1476 2370 1641 2404 Anecdot.
1667 2371 1762 2402 Tom.
1787 2371 1851 2404 IV.
1879 2369 2070 2403 1913—14.

1352 2530 1357 2534 ,
1418 2471 1564 2522 1309.

649 2574 804 2623 [1698]
862 2573 997 2613 Pru-nl
1040 2572 1220 2626 episcopi
1264 2570 1515 2610 Ottoniensis
1568 2569 1618 2608 ad
1660 2569 1880 2609 Gnidonem
1931 2568 2120 2607 decanum
2164 2567 2418 2607 Lundensem
2460 2567 2598 2613 literae,

390 2644 532 2697 quibus
562 2644 751 2691 declarat,
796 2645 1023 2684 electionem
1059 2644 1148 2696 ejus
1187 2643 1224 2681 in
1269 2641 1459 2680 decanum
1503 2639 1661 2692 capituli
1698 2639 1928 2678 Lundensis
1957 2641 2053 2692 post
2080 2641 2243 2677 mortem
2279 2638 2472 2678 Johannis
2508 2636 2606 2679 Kalf

393 2716 546 2752 omnino
575 2714 737 2766 legalem
769 2729 871 2753 esse.
901 2737 954 2742 —
982 2713 1192 2759 ΑἰεηῚιΐΙι,
1223 2714 1260 2751 in
1292 2715 1429 2750 octava
1458 2709 1675 2762 epiphaniae
1705 2708 1861 2747 domini.

780 2784 953 2825 LilJegr-en
977 2784 1205 2826 Diplomatar.
1231 2785 1375 2815 Svecan.
1401 2782 1444 2813 11.
1469 2790 1524 2812 no.
1553 2779 1653 2811 1604.
1678 2789 1711 2821 p.
1735 2777 1907 2811 559—60.

654 2844 807 2892 [1699]
865 2845 1006 2884 Literae
1036 2845 1218 2890 Emenr,
1263 2843 1498 2883 Arusiensis
1528 2840 1726 2894 episcopi,
1771 2838 1916 2891 quibus
1945 2841 2134 2879 testatum
2165 2840 2274 2887 facit,
2317 2853 2364 2881 se
2393 2854 2483 2880 cum
2513 2853 2599 2879 con-

398 2926 520 2951 sensu
545 2913 700 2965 capituli
730 2916 791 2952 sui
821 2914 1027 2953 ecclesiam
1057 2915 1094 2952 in
1124 2914 1274 2967 Lymee
1303 2913 1571 2966 praepositurae
1607 2912 1643 2949 in
1676 2909 2001 2961 Omongersysael
2037 2914 2256 2951 annectere.
2296 2933 2346 2939 —
2390 2911 2601 2956 Hormces,

398 2983 434 3020 in
464 2981 638 3034 profesto
669 2985 934 3022 conversionis
965 2985 1088 3022 sancti
1119 2984 1232 3023 Pauli
1261 2983 1444 3037 apostoli.

791 3053 972 3093 Langebek
997 3054 1137 3096 Scriptt.
1163 3055 1226 3086 VI.
1252 3054 1330 3085 413.

665 3111 818 3160 [1700]
877 3114 1011 3153 OLAVl
1045 3116 1221 3167 episcopi
1247 3113 1531 3153 Roskildensis
1555 3112 1686 3157 literae,
1715 3109 1861 3163 quibus
1891 3109 2074 3149 fratribus
2096 3111 2274 3151 ecclesiae
2295 3110 2605 3164 Ringstadensis

403 3179 609 3220 ecclesiam
645 3181 904 3232 parochialem
939 3185 974 3222 in
1015 3183 1254 3236 Querckeby
1294 3184 1490 3223 dioecesis
1529 3180 1814 3221 Roskildensis
1844 3181 2030 3221 canonice
2066 3181 2216 3222 confert
2250 3187 2440 3235 perpetue
2475 3182 2604 3235 possi·

406 3250 582 3290 dendam.
613 3272 660 3278 —
691 3250 895 3300 Roslcild„
924 3258 1033 3292 sexta
1065 3254 1158 3293 feria
1186 3267 1298 3306 prox.
1327 3258 1420 3307 post
1448 3253 1550 3294 diem
1580 3265 1615 3291 s.
1645 3251 1823 3303 Agnetis.

795 3321 882 3354 Dan.
907 3322 1067 3355 Biblioth.
1093 3323 1153 3356 111.
1182 3322 1350 3356 145-46.
