2649 3686
365 130 418 178 X
1219 125 1547 193 Praefatilo·

305 282 347 319 et
382 271 646 333 superiorum
682 269 899 328 diligenter
934 271 976 310 et
1009 264 1131 324 plene
1168 259 1379 304 adnotavit
1415 264 1457 302 et
1492 255 1734 317 descripsit,
1779 271 1909 316 quum
1948 256 2157 315 generalia
2193 264 2283 303 tum
2314 260 2519 321 specialia,

303 378 396 425 qua}
428 360 597 422 quidem
627 357 793 419 proprio
814 353 1138 414 diplomatum
1158 363 1314 407 genere
1335 360 1437 391 non
1456 345 1786 389 continerentur.
1854 346 2004 405 Neque
2033 344 2179 403 injuria
2206 346 2294 391 haec
2315 348 2522 396 discrevit.

303 452 411 498 Nam
447 446 772 508 diplomatum
801 444 883 488 sive
910 447 1095 485 actorum
1131 436 1393 496 publicorum
1428 433 1596 478 nomine
1631 432 1799 493 proprie
1835 447 1895 476 eae
1930 431 2098 476 demum
2136 433 2284 479 litterae
2323 434 2522 499 (chartae,

305 534 568 598 Urkunden]
608 529 1037 594 comprehenduntur,
1092 525 1242 585 quibus
1288 524 1413 582 facta,
1465 522 1584 581 jura,
1638 520 1943 580 obligationes,
1992 520 2148 580 judicia
2191 539 2312 568 resve
2354 525 2394 570 in
2426 527 2522 587 jure

308 636 410 674 actae
451 627 528 671 rite
575 630 617 669 et
659 619 846 667 sollemni
891 615 1015 661 modo
1060 613 1341 671 declarantur,
1395 618 1710 672 nuncupantur,
1764 610 2090 672 testimonioque
2126 613 2367 675 firmantur,
2413 618 2526 677 quod

317 718 403 762 aliis
447 714 544 759 locis
590 709 930 772 temporibusque
973 703 1050 748 alia
1095 702 1270 746 formula
1315 701 1362 746 fit
1405 706 1477 745 aut
1519 700 1697 744 certiore
1734 699 1975 744 autminus
2012 700 2197 748 definita.
2266 705 2412 765 Itaque
2449 706 2528 753 hoc

310 819 465 865 genere
500 801 761 847 continentur
797 809 939 840 omnes
976 793 1054 836 illae
1091 792 1239 836 litterae
1273 789 1467 851 publicae,
1504 805 1598 850 quae
1634 788 1745 850 apud
1779 789 1928 834 mediae
1963 791 2094 835 aetatis
2125 792 2348 852 scriptores
2376 796 2524 842 Latine

310 894 419 938 varie
455 890 735 945 nominantur,
790 882 1006 942 chancre,
1062 880 1272 939 litterce,
1322 878 1545 940 placita,
1595 886 1885 940 prcecepta,
1940 886 2299 943 instrumenta,
2348 883 2525 947 bullae,

309 979 610 1042 721·ivz'leyia,
647 979 857 1033 monica,
894 970 1130 1033 foedera,
1169 977 1274 1028 ete.,
1312 969 1581 1029 siveregum
1616 969 1912 1030 civitatumque
1947 970 2116 1015 nomine
2153 971 2237 1015 sive
2273 972 2528 1032 privatorum

311 1070 524 1115 hominum
577 1069 787 1124 concepta¹
834 1069 876 1107 et
916 1062 1089 1123 proditae
1133 1059 1492 1121 promulgataeque
1536 1064 1647 1103 sunt.
1741 1061 1850 1105 Nam
1893 1046 1981 1103 haec
2026 1059 2114 1120 ipsa
2155 1060 2388 1121 diplomatis
2430 1072 2527 1110 nota

312 1158 476 1221 propria
505 1162 567 1200 est
591 1153 802 1213 verboque
830 1151 1100 1211 significatur,
1139 1148 1253 1210 quod
1280 1155 1483 1206 concipi
1506 1147 1760 1211 prodique
1783 1145 2060 1210 (adstecles
2081 1156 2152 1194 aut
2169 1149 2527 1220 udfcerdz‘yesj

313 1248 467 1305 debet,
520 1242 714 1305 quicquid
760 1241 836 1286 sub
873 1240 971 1285 illud
1006 1255 1138 1300 genus
1175 1237 1298 1284 cadit.
1377 1239 1526 1299 Itaque
1562 1237 1602 1282 in
1637 1239 1716 1282 hoc
1750 1238 1984 1283 litterarum
2019 1254 2152 1299 genus
2187 1241 2355 1301 proprie
2391 1258 2530 1304 neque

312 1336 477 1397 privatae
514 1332 700 1394 epistolae
735 1345 914 1393 quaeque
950 1329 1070 1374 simili
1105 1329 1237 1374 forma
1272 1328 1381 1372 inter
1414 1328 1595 1388 privatos
1632 1328 1784 1389 scripta
1819 1335 1946 1387 sunt,
1999 1329 2146 1373 referri
2182 1337 2358 1389 possunt
2391 1347 2530 1394 neque

312 1423 631 1484 inscriptiones,
683 1420 859 1466 vitarum
911 1419 1200 1478 narrationes,
1251 1418 1451 1478 annales,
1503 1434 1696 1463 rerumve
1748 1425 1963 1478 gestarum
2012 1420 2300 1464 commentarii
2352 1420 2531 1480 cujusvis

311 1512 489 1573 generis.
570 1510 780 1565 Quoniam
816 1509 941 1569 igitur
977 1507 1215 1569 hujusmodi
1252 1506 1436 1552 subsidia
1469 1507 1510 1552 in
1547 1523 1622 1567 ea,
1667 1523 1760 1569 quae
1794 1509 1962 1569 proprie
2000 1507 2286 1569 diplomataria
2322 1508 2531 1570 dicuntur,

311 1601 437 1663 recipi
473 1606 545 1645 aut
580 1600 622 1644 in
657 1599 837 1660 regestis
872 1598 1042 1643 indicari
1078 1614 1162 1643 non
1198 1604 1389 1659 possunt,
1427 1613 1477 1642 eo
1513 1597 1679 1642 utiliora
1714 1597 1858 1642 haberi
1895 1597 2053 1643 debent
2087 1614 2215 1659 opera
2244 1598 2296 1643 ad
2325 1599 2534 1645 directorii

312 1689 593 1750 Adelungiani
639 1690 816 1734 formam
860 1687 1122 1749 composita,
1175 1687 1410 1749 praesertim
1445 1687 1476 1731 si
1514 1686 1693 1745 eadem,
1747 1702 1872 1747 quam
1907 1687 1940 1731 is
1977 1696 2229 1734 consecutus
2266 1696 2362 1749 est,
2416 1690 2534 1751 copia

313 1780 560 1841 exponitur,
614 1777 714 1840 quid
765 1777 958 1823 subsidiis
1012 1777 1286 1822 contincatur.
1372 1776 1513 1837 Atque
1567 1775 1607 1820 in
1659 1775 1848 1836 ejusdem
1892 1778 2082 1822 Saxoniae
2124 1778 2297 1824 historia
2339 1780 2533 1842 exemplo

313 1869 643 1914 demonstratum
679 1873 757 1927 est,
795 1866 1006 1928 quomodo
1040 1866 1259 1927 utriusque
1295 1865 1459 1926 generis
1495 1866 1771 1910 instrumenta
1797 1872 1938 1927 atque,
1975 1873 2022 1912 ut
2056 1883 2166 1912 nunc
2191 1869 2304 1930 loqui
2332 1870 2531 1930 solemus,

314 1958 544 2020 repertoria
573 1957 768 2002 historica
809 1955 1062 2001 instituenda
1095 1972 1142 2001 ac
1176 1956 1360 2017 paranda
1397 1956 1492 2015 sint,
1528 1962 1575 2000 ut
1609 1955 1719 1999 inter
1754 1971 1799 2000 se
1837 1956 2029 2017 expleant
2063 1957 2365 2020 materiamque
2401 1965 2531 2005 totam

315 2046 691 2108 comprehendant,
729 2045 841 2091 edito
878 2061 956 2091 nec
990 2052 1130 2091 tamen
1159 2046 1357 2091 absoluto
1395 2044 1445 2089 ab
1484 2042 1546 2089 L.
1575 2042 1637 2088 A.
1666 2040 1911 2092 Schultes
1946 2061 2089 2106 opere,
2127 2047 2241 2108 quod
2265 2048 2534 2094 inscribitur:

315 2135 663 2182 Directorz'um
709 2135 1114 2196 diplomaticum,
1178 2135 1305 2180 oder
1358 2132 1752 2194 clu-0210l0y2·scl2
1801 2134 2086 2195 yeorclnete
2139 2134 2383 2198 Auszz’tye
2435 2154 2536 2186 von

315 2223 659 2272 scimmtlz‘clien
680 2225 808 2271 uber
827 2225 908 2271 die
930 2222 1232 2275 Gesche‘chte
1251 2222 1642 2270 Obersachsens
1663 2222 2036 2270 vorlecmdenen
2064 2222 2346 2274 Urlcunden
2367 2224 2479 2288 [vol.
2499 2232 2534 2289 I,

317 2315 367 2360 ab
404 2331 440 2359 a.
479 2312 750 2374 704-1137,
786 2296 1038 2374 Altenburgi
1080 2313 1217 2375 1821,
1256 2316 1334 2360 voi.
1371 2317 1425 2374 Π,
1463 2315 1513 2360 ab
1551 2331 1587 2360 a.
1630 2313 1969 2374 ssas—1229,
2006 2314 2256 2372 ibd.1825‚
2295 2315 2392 2378 4t0,
2437 2334 2532 2364 cum

318 2404 522 2464 locuplete
558 2419 833 2464 personarum
868 2404 1142 2466 locorumque
1178 2401 1361 2466 indice).

578 2493 713 2537 Aliam
734 2493 839 2538 viam
858 2494 1071 2554 ingressus
1092 2501 1156 2539 est
1174 2495 1234 2539 vir
1253 2511 1382 2556 quum
1400 2494 1513 2539 libris
1534 2494 2052 2555 historico-diplomaticiS,
2074 2500 2161 2539 tum
2182 2494 2363 2555 alioquin
2383 2496 2532 2541 famam

321 2588 464 2626 nactus
497 2579 554 2628 C.
587 2579 655 2626 H.
691 2579 870 2644 Lcmy,
916 2584 985 2645 qui
1014 2584 1065 2629 ab
1096 2599 1204 2628 anno
1237 2583 1359 2630 1822
1386 2585 1550 2629 Monaci
1586 2583 1711 2629 edere
1747 2584 1924 2628 instituit
1949 2580 2182 2643 Reyesta
2219 2591 2327 2630 ‚sit-e
2362 2599 2537 2631 rerum

323 2666 600 2715 Boicarum
619 2671 948 2732 autoyraplea
977 2673 1047 2719 ad
1074 2688 1193 2719 mm.
1216 2687 1375 2736 usque
1407 2684 1543 2718 Mccc
1568 2689 1594 2719 e
1622 2680 1772 2734 requi
1790 2680 2001 2719 scrinii-s·
2027 2671 2253 2733 fideliter
2273 2681 2324 2719 in
2344 2690 2534 2723 summa

326 2765 592 2804 contracta
622 2767 728 2819 etc.,
765 2762 1005 2823 consiliique
1042 2778 1246 2807 summam
1276 2763 1550 2807 constantiam
1579 2779 1673 2807 cum
1707 2763 1861 2808 laboris
1891 2762 2100 2822 diligentia
2131 2768 2172 2806 et
2199 2778 2296 2807 cura
2330 2763 2534 2823 conjunc-

327 2853 409 2890 tam
444 2846 482 2889 iu
520 2848 650 2892 tribus
688 2851 993 2910 voluminibus,
1040 2867 1131 2913 quae
1168 2849 1332 2912 [usquc
1369 2852 1420 2896 ad
1456 2869 1493 2897 a.
1537 2851 1691 2914 1828)
1728 2853 1907 2913 primum
1943 2850 2165 2895 subsecuta
2204 2860 2331 2911 sunt,
2386 2853 2534 2898 tenuit.

329 2937 367 2979 Is
402 2935 511 2979 enim
546 2935 811 2995 diplomatum
848 2939 897 2984 ad
924 2940 1139 2985 historiam
1166 2942 1404 2986 Bavaricam
1434 2942 1748 3002 pertinentium,
1785 2945 1992 3001 quotquot
2027 2941 2247 2985 exstabant
2271 2957 2535 3004 quorumque

330 3023 425 3082 ipsis
470 3022 618 3066 chartis
660 3028 925 3087 autographis
969 3030 1027 3074 uti
1063 3037 1259 3090 poterat,
1313 3031 1513 3091 epitomas
1561 3038 1603 3076 et
1640 3047 1821 3076 summas
1857 3031 1999 3091 plenas
2036 3028 2108 3073 scd
2144 3029 2328 3075 breviter
2363 3031 2534 3092 scriptas

331 3126 466 3171 neque
502 3111 719 3171 quicquam
755 3122 955 3173 practerea
991 3119 1327 3179 comprehendit,
1382 3119 1603 3180 diplomata
1639 3121 1904 3179 litterasque,
1960 3134 2052 3179 quae
2088 3126 2159 3164 aut
2195 3126 2355 3165 tautum
2390 3127 2533 3164 trans-

334 3199 482 3259 scripta
526 3198 784 3247 habebantur
818 3211 888 3250 aut
922 3206 1097 3252 aliorum
1133 3207 1246 3253 libris
1282 3209 1388 3270 typis
1423 3210 1635 3271 impressis
1671 3209 2021 3268 continebantur,
2077 3209 2264 3254 exclusit.
2351 3211 2533 3268 Regesta
