2649 3686
860 152 1015 202 Koxo
1048 153 1179 203 Ean<
1212 154 1450 203 vam).
2163 163 2261 212 213

314 318 472 368 [1756]
529 319 730 361 Bucam
763 323 953 364 Sveorum
984 328 1090 378 regis
1119 328 1262 375 literae,
1305 327 1449 382 quibus
1486 341 1552 366 rex
1583 328 1670 381 ipse
1699 332 1739 367 et
1776 329 1885 368 multi
1915 335 2118 381 magnates
2148 335 2263 373 svcci
2337 338 2451 379 1312,

52 392 93 429 et
127 387 276 428 milites
312 402 358 427 se
388 389 583 441 obligant,
627 393 662 430 si
699 395 866 444 pecunia
904 395 1027 443 (2000
1066 400 1242 447 marcae),
1285 411 1403 450 quam
1432 397 1635 450 Byrgerus
1673 412 1739 437 rex
1776 411 1798 436 a
1833 412 1924 450 rege
1953 399 2089 439 Daniae
2127 408 2262 442 mutuo
2298 406 2353 438 20.
2387 409 2483 442 Febr.

52 461 277 512 acceperat,
324 459 422 498 intra
460 459 609 499 certum
641 465 798 514 tempus
826 478 899 503 non
930 466 1060 505 soluta
1091 471 1222 514 esset,
1266 467 1475 507 Roskildis
1506 469 1543 506 in
1573 467 1696 506 Dacia
1728 469 1891 515 intrare,
1935 469 1983 508 de
2013 470 2100 509 loco
2130 486 2263 524 supra-

50 528 155 568 dicto
188 528 412 567 nullatenus
442 530 604 577 exituri,
648 531 772 571 donec
806 535 964 586 pravsata
1002 550 1157 576 summa
1195 539 1344 589 argenti
1374 537 1613 589 integraliter
1642 538 1772 577 soluta
1802 539 1866 577 sit.
1910 560 1959 567 —-
2005 539 2261 595 Seti'lsebory,

50 598 246 638 dominica
275 599 451 638 secunda
483 598 823 653 Quadragesimae.

441 670 532 713 Epit.
559 681 611 714 ap.
636 674 872 717 hagam-ing,
898 678 984 708 Svea
1008 677 1118 709 Bikes
1144 677 1298 710 Historia
1321 678 1382 711 111.
1407 678 1463 711 8⁷.

310 730 466 780 [1757]
527 732 736 773 Cfflwum
768 736 974 775 Rrri-:Nsrs
1001 741 1300 792 transscriptum
1323 738 1435 779 bulloe
1459 740 1656 779 Bonisacii
1682 739 1809 779 Vluvi
1833 754 1943 793 papae
1966 741 2062 790 (dat.
2077 741 2259 781 Lateran.
2285 745 2341 778 31.
2371 749 2497 780 Martii.

47 799 137 840 XV.
169 800 321 840 calend.
352 801 552 849 Januarii,
595 804 735 855 pontif.
765 819 865 844 anno
894 807 998 846 Vlll.
1027 819 1069 846 οε
1105 808 1258 858 1302),
1302 822 1379 861 qua
1408 810 1534 849 ordini
1565 810 1823 849 Cisterciensi
1853 810 2015 850 libertas
2044 825 2065 849 a
2096 811 2261 851 decimis

48 870 252 911 solvendis
282 872 523 911 conceditur.
553 893 605 901 —
634 873 777 926 Ripe's,
806 878 983 929 proxima
1013 882 1125 916 sexta
1156 879 1250 917 seria
1278 884 1371 932 post
1399 880 1571 933 pascha,
1600 880 1727 933 pridie
1756 881 1906 920 calend.
1935 882 2101 934 Aprilis.

439 942 625 983 Langebek
650 943 788 987 Scriptt.
813 947 911 979 Vlll.
937 946 1106 980 212—13.

306 1003 462 1052 [1758]
521 1004 769 1046 Grumum-rs
807 1005 902 1058 (W)
940 1022 1051 1061 papae
1081 1010 1129 1048 ad
1159 1010 1484 1064 archiepiscopos
1521 1015 1560 1050 et
1589 1013 1827 1065 episcopos,
1872 1014 1972 1052 inter
2009 1017 2164 1052 ceteros
2201 1028 2257 1053 ar·
2312 1015 2345 1046 2·
2372 1017 2465 1056 Maji.

45 1074 347 1127 chiepiscopum
390 1073 670 1121 Lundensem‚
713 1080 753 1114 et
795 1078 1031 1130 episcopos,
1074 1080 1391 1120 Rostrildensem
1435 1083 1493 1130 (oz
1531 1082 1860 1130 Roslcildensem)
1901 1087 1942 1122 et
1978 1082 2259 1123 Raveliensem

20 1144 376 1195 ¹(Revale'ensem)
416 1145 588 1198 epistola
627 1146 847 1198 encyclica,
891 1161 967 1200 qua
1005 1151 1055 1189 iis
1093 1152 1327 1190 sententiam
1365 1152 1520 1191 concilii
1549 1152 1792 1191 Viennensis
1828 1152 1878 1192 de
1907 1153 2168 1192 exstinctione
2199 1168 2257 1193 or-

44 1215 150 1254 dinis
179 1213 489 1267 Templariorum
520 1217 794 1254 communicat.
823 1239 876 1245 —-
915 1217 1095 1268 Viennoe,
1126 1220 1195 1259 VI.
1226 1235 1314 1260 non.
1343 1221 1469 1274 Maji,
1500 1222 1639 1275 pontis.
1670 1236 1770 1261 anno
1799 1221 1887 1261 Vll.

439 1284 556 1317 Mansi
581 1285 979 1322 collectioconciliorum
995 1313 1004 1329 ‚
1030 1291 1124 1322 Tom.
1149 1292 1264 1323 XXV.
1289 1292 1461 1324 392—97.

307 1346 462 1396 [1759]
519 1346 647 1386 Emer
677 1348 877 1388 Danorum
908 1350 1188 1404 Slavorumque
1217 1353 1324 1404 regis
1352 1353 1492 1402 literae,
1531 1353 1675 1407 quibus
1704 1352 1934 1392 consulibus
1964 1356 2003 1392 et
2031 1353 2185 1393 civibus
2215 1356 2252 1394 in
2277 1362 2332 1395 20.
2353 1363 2514 1404 Augusti.

42 1415 270 1469 Hamborgh
300 1420 511 1456 “securum
542 1417 777 1457 conductum
807 1422 847 1458 et
874 1419 1029 1472 plenam
1059 1423 1338 1461 secu1·itatem”
1368 1422 1454 1470 dat,
1485 1425 1522 1462 in
1551 1436 1713 1475 regnum
1737 1424 1826 1475 ejus
1855 1423 2050 1470 veniendi,
2080 1424 2253 1464 “ibidem

41 1486 172 1526 standi
204 1490 244 1526 et
273 1487 523 1526 mercimonia
554 1500 627 1526 sua
665 1487 787 1528 libere
824 1490 1079 1537 exercendi'’‚
1123 1491 1334 1531 dummodo
1365 1506 1411 1532 ea
1441 1493 1591 1539 “bona,
1631 1506 1716 1545 quae
1751 1492 1930 1544 partibus
1960 1495 2106 1532 nostris
2143 1494 2252 1533 detu-

41 1557 174 1603 lerint,
217 1556 269 1595 ad
305 1560 440 1609 partes
478 1557 703 1597 aemulorum
740 1562 963 1599 nostrorum
1003 1561 1040 1599 in
1072 1561 1276 1601 Alcmania
1310 1577 1387 1601 non
1418 1563 1633 1609 deducant,
1678 1566 1717 1601 et
1746 1562 1895 1601 eisdem
1927 1577 2002 1601 non
2031 1564 2254 1603 adhaereant

41 1640 200 1680 quoquo
230 1626 388 1666 mod0‘'.
419 1650 469 1655 —
500 1628 580 1681 Ap.
605 1637 773 1681 portum
811 1628 1105 1684 Wernemynne
1134 1631 1248 1670 (loica
1278 1646 1388 1684 prox.
1418 1632 1515 1671 infra
1546 1637 1673 1671 octav.
1703 1636 1869 1671 assumt.
1898 1632 2046 1672 Mariae.

433 1698 610 1731 Sar-torius
637 1699 763 1732 Gesch.
790 1699 822 1732 d.
846 1702 963 1733 Hanse
987 1701 1038 1733 ed.
1063 1701 1234 1743 Lappenb.
1260 1702 1304 1733 11.
1330 1712 1384 1734 no.
1411 1700 1594 1743 cxxlvb.
1622 1714 1653 1745 p.
1678 1702 1849 1735 262-63.

304 1759 461 1808 [1760]
519 1759 664 1800 Literae
705 1761 865 1800 Esnmu
901 1762 1190 1815 archiepiscopi
1227 1762 1479 1810 Lundensis‚
1530 1763 1675 1816 quihus
1712 1764 1890 1803 ecclesiae
1927 1764 2141 1804 cathedrali
2176 1765 2245 1804 Ri-
2271 1772 2326 1806 25.
2352 1774 2485 1818 septbr.

38 1829 152 1881 pensi
190 1832 272 1868 tres
309 1830 442 1869 curias
482 1829 533 1868 ad
570 1844 711 1870 novam
748 1831 995 1884 praebendam
1026 1832 1302 1871 instituendam
1332 1833 1452 1872 donat
1481 1837 1521 1872 et
1555 1836 1696 1873 scotat.
1742 1856 1790 1862 —
1834 1833 1883 1874 In
1913 1835 2091 1874 ecclesia
2121 1834 2249 1875 beatce

38 1902 212 1953 vz'ryiuis
241 1899 477 1952 (Ripense),
507 1901 683 1940 secunda
712 1901 810 1940 seria
839 1907 932 1955 post
961 1902 1105 1941 festum
1134 1902 1240 1942 beati
1269 1902 1445 1942 Matthaei
1475 1903 1662 1956 apostoli.

433 1973 609 2014 Terpager
632 1971 727 2014 Ripae
753 1971 879 2005 Cimbr.
906 1984 936 2015 p.
960 1973 1130 2005 220—21.

300 2032 456 2081 [1761]
513 2032 659 2072 Literae
683 2033 922 2081 Jormmms,
951 2035 1151 2087 praepositi
1181 2034 1436 2079 Arusiensis,
1481 2033 1626 2086 quibus
1662 2034 1782 2073 altare
1822 2035 1859 2073 in
1897 2034 2068 2074 ecclesia
2101 2038 2245 2075 monia·
2270 2039 2325 2074 29.
2350 2042 2480 2084 Septbr.

37 2103 130 2142 lium
158 2102 285 2142 beatae
314 2102 450 2142 Mariae
490 2103 655 2155 virginis
692 2105 731 2143 in
768 2104 956 2143 Randrus
993 2104 1147 2150 fundat,
1190 2108 1229 2143 et
1260 2105 1330 2156 jus
1366 2103 1628 2156 praesentandi
1663 2104 1904 2157 capellanum
1948 2104 2066 2158 hujus
2110 2106 2245 2146 altaris

38 2173 212 2227 capitulo
239 2173 454 2213 Arusiensi
484 2173 678 2213 concedit.
710 2196 760 2202 ——
790 2174 920 2223 Arns,
951 2176 988 2213 in
1019 2174 1082 2213 die
1111 2174 1148 2213 b.
1178 2173 1386 2213 Micha'c'lis
1415 2173 1650 2225 archangeli.

427 2244 614 2285 Laugebek
638 2243 777 2287 Scriptt.
802 2245 864 2277 VI.
891 2244 970 2277 420.

296 2304 454 2353 [1762]
514 2305 833 2346 Constitutiones
862 2305 1045 2352 Escam,
1087 2305 1324 2344 Arusiensis
1360 2305 1562 2356 episcopi,
1606 2317 1726 2356 super
1763 2317 1935 2350 annona,
1980 2318 2064 2356 quae
2103 2305 2242 2344 dicitur
2265 2315 2299 2348 3.
2338 2316 2474 2349 octobr.

42 2373 285 2415 Wooxkorn
327 2375 394 2424 (ad
430 2375 620 2415 candelas
659 2390 796 2416 cereas
832 2376 1017 2415 ecclesiis
1054 2374 1345 2427 parochialibus
1388 2373 1577 2412 emendas
1614 2373 1838 2424 destinata).
1881 2397 1928 2403 —
1973 2374 2023 2415 In
2065 2376 2244 2415 ecclesia

34 2447 274 2492 Arusiensi,
304 2459 415 2498 prox.
445 2446 539 2485 feria
569 2447 682 2486 tertia
711 2450 805 2499 post
834 2446 924 2485 fest.
954 2446 1080 2484 sancti
1109 2443 1318 2483 Michafflis
1347 2443 1582 2495 archangeli.

426 2516 610 2557 Langebek
634 2516 774 2559 Scriptt.
799 2517 862 2548 vl.
888 2515 1056 2547 436—37.

296 2577 453 2626 [1763]
509 2577 695 2625 Escnm,
739 2575 1189 2616 Arusiensis.ecclesiae
1228 2575 1343 2613 electi
1379 2578 1419 2612 et
1447 2574 1680 2620 confirmati,
1724 2578 1935 2620 statutum,
1979 2588 2055 2627 quo
2087 2575 2240 2616 clericis
2265 2585 2297 2616 4.
2323 2583 2461 2617 Octobr.

31 2645 215 2686 ‘omnibus
243 2646 444 2686 dioecesis
473 2647 712 2686 Arusiensis
736 2649 807 2700 jus
837 2646 956 2685 libere
986 2645 1218 2698 disponendi
1248 2643 1297 2682 de
1332 2643 1447 2682 bonis
1476 2643 1817 2696 patrimonialibus
1852 2649 1891 2683 et
1929 2646 2120 2697 emptitiis
2149 2660 2240 2685 con-

32 2717 198 2762 ceditur,
229 2721 305 2757 etc.
336 2738 385 2745 —-
416 2717 547 2764 Arus,
578 2718 642 2756 die
671 2717 775 2757 beati
805 2716 1007 2754 Francisci
1037 2714 1292 2754 confessoris.

423 2788 611 2829 Langebek
635 2787 772 2830 Scriptt.
799 2787 861 2819 VI.
887 2785 966 2817 466.

292 2848 450 2898 [1764.]
509 2848 825 2889 Constitutiones
865 2859 1052 2886 cAPr'rULr
1088 2845 1357 2890 Anusmmsm,
1408 2843 1642 2883 confirmatae
1691 2857 1762 2896 per
1803 2843 2018 2896 Esgerum,
2069 2845 2236 2886 electum
2268 2854 2302 2888 6.
2329 2855 2464 2890 Octobr.

29 2919 290 2959 Arusiensem
320 2919 612 2967 confirmatum,
655 2924 694 2958 et
722 2933 793 2972 per
820 2917 1036 2969 Esgerum,
1079 2906 1421 2966 archiepiscopum
1455 2912 1724 2952 Lundensem.
1768 2936 1820 2942 —
1862 2913 1912 2953 In
1950 2916 2121 2955 civitate
2157 2918 2234 2956 Ar·

32 2989 231 3039 lensiensi,
261 2993 375 3029 sexta
405 2989 470 3029 die
499 2989 651 3028 mensis
681 2988 881 3027 Octobris.

422 3058 657 3102 Pontoppidan
680 3057 819 3090 Annali.
845 3056 966 3089 eccles.
991 3056 1078 3087 Dan.
1103 3054 1146 3086 11.
1171 3064 1203 3096 p.
1232 3052 1306 3085 106.
1355 3052 1539 3094 Langebek
1563 3052 1702 3096 Seriptt.
1726 3054 1788 3086 vl.
1813 3053 1984 3086 384-86,

291 3119 448 3169 [1765]
505 3119 650 3159 Literae
678 3119 865 3164 Esomu,
895 3117 1011 3156 electi
1042 3115 1273 3154 Arusiensis
1302 3114 1539 3160 confirmati,
1569 3114 1713 3167 quibus
1740 3116 2071 3154 constructionem
2094 3115 2230 3155 altaris
2264 3123 2295 3155 7.
2325 3123 2462 3157 Octobr.

28 3189 67 3229 in
84 3189 255 3229 ecclesia
270 3190 496 3229 monialium
513 3189 638 3228 beatae
654 3189 820 3240 virginis
833 3186 1077 3228 Randrusiae‚
1095 3198 1163 3235 per
1177 3183 1395 3222 Johannem
1418 3185 1674 3235 praepositum
1692 3184 1947 3224 Arusiensem
1964 3185 2120 3231 saetam,
2142 3199 2231 3225 con-

28 3259 174 3307 firmat,
197 3259 480 3313 capellanoque
498 3258 677 3311 ejusdem
695 3258 831 3297 altaris
848 3254 1021 3310 quaedam
1033 3254 1123 3306 jura
1142 3253 1286 3294 tribuit.
1303 3274 1352 3283 -—
1368 3253 1493 3302 Aras,
1518 3252 1582 3293 die
1597 3251 1635 3293 b.
1651 3253 1776 3294 Marci
1794 3253 1960 3307 papae'et
1975 3255 2231 3295 confessoris,

421 3329 610 3370 Langebek
635 3327 775 3370 Scriptt.
799 3327 863 3359 vl.
887 3324 1034 3358 -193—4.
