2649 3686
337 158 436 209 318
1259 146 1415 194 Koxe
1450 143 1606 194 Onu-1³¹.

348 227 2542 255 Ν

156 333 273 373 1377,
609 328 764 376 [2708]
818 326 981 369 Literoe,
1011 320 1156 374 quibus
1187 317 1363 356 Omuvs
1392 313 1640 353 anwssbx
1670 310 1799 357 miles,
1829 311 2063 363 capitaneus
2089 310 2209 348 castri
2235 307 2381 356 Gurue,
2411 313 2543 349 notum

123 403 151 436 1.
176 403 306 436 Martii.
344 399 525 439 omnibus
555 399 669 444 facit,
698 411 742 435 se
771 395 872 434 bona
903 391 1097 445 quaedam,
1126 401 1195 440 per
1222 384 1519 424 Woldemarum
1550 381 1747 433 quondam
1776 380 1912 418 Daniae
1943 394 2071 431 regem
2097 379 2301 417 canonicis
2324 380 2361 417 in
2376 378 2490 418 Ebbe
2506 393 2543 418 e-

344 468 427 507 holt
457 472 611 520 erepta,
641 471 679 505 et
707 466 817 503 hisce
848 461 985 500 deinde
1011 459 1181 502 reddita,
1213 457 1249 493 in
1279 454 1425 506 placito
1453 451 1670 504 justitiario
1697 448 1960 501 Slanghetorp
1991 449 2229 487 monasterio
2261 448 2365 487 dicto
2395 447 2546 501 adjudi-

342 551 470 577 casse.
501 558 550 565 -
582 536 786 575 Dominica
817 529 1141 583 quadragesimae,
1173 537 1248 577 qua
1278 526 1455 562 cantatur
1485 521 1656 559 osticium
1687 518 1817 558 Oculi.

733 600 915 641 Langebek
941 597 1078 638 Scriptt.
1102 594 1165 626 VI.
1195 593 1270 625 172.

111 680 317 714 26.Mar111‚
603 664 745 717 [2709]
800 662 973 700 Josm’m
1012 657 1231 696 Jormwms
1269 651 1493 706 presbyteri
1521 649 1750 689 Lundensis
1790 650 1933 697 literae,
1977 649 2122 702 quibus
2151 653 2339 696 testatur,
2381 663 2427 689 se
2455 663 2547 702 prae.

346 741 496 776 sentem
528 736 673 781 fuisse,
703 745 817 785 quum
846 728 1035 767 Nicotaus
1066 725 1171 764 Petri
1203 724 1335 763 dictus
1362 721 1495 773 Elling
1524 720 1573 759 de
1602 719 1761 771 Foburg
1789 724 2072 759 testamentum
2104 733 2239 767 suuni,
2278 719 2390 759 hisce
2425 719 2548 758 literis

346 809 556 852 insertum,
587 804 825 855 disponeret.
856 819 904 825 --
936 795 1122 837 Roslcild.

733 865 960 909 Pontoppidan
985 866 1120 898 Annall.
1146 864 1227 897 eccl.
1251 864 1339 895 Dan.
1364 861 1409 894 11.
1434 859 1515 893 224.
1563 860 1637 893 Cfr.
1663 860 1768 893 Sulim
1794 859 1887 892 nist.
1911 860 1951 892 af
1970 860 2119 893 Danmk.
2142 859 2240 892 XIV.
2266 858 2413 891 44-45,

138 949 286 981 25-30.
599 931 745 984 [2710.]
801 930 1011 968 Recessus
1041 925 1252 966 comitialis
1283 922 1358 962 sub
1395 923 1552 960 nomine
1583 921 1719 962 ΟιΑΠ
1751 922 1968 969 Danorum,
2007 922 2214 960 Slavoruui
2252 919 2549 972 Gothorumque

163 1010 268 1045 Junii.
349 1007 472 1057 regis,
503 1009 541 1043 et
569 1003 868 1044 Manciam-mn,
909 998 1058 1036 Sveciae
1089 1001 1128 1034 et
1155 994 1359 1045 Nor-vegiae
1389 993 1531 1043 reginae
1569 1005 1843 1039 PLURlUMQUE
1874 1005 2119 1031 MAGNA'rmx
2159 991 2310 1037 editus,
2359 1004 2436 1043 quo
2460 991 2550 1043 jura

346 1080 386 1115 et
416 1075 614 1113 libertates
645 1071 815 1109 oninium
845 1068 979 1106 Daniae
1010 1054 1244 1110 incolarum,
1286 1063 1477 1114 legesque
1505 1061 1745 1100 Waldemari
1783 1061 1935 1113 legiferi
1973 1066 2013 1101 et
2051 1062 2214 1101 aliorum
2253 1075 2388 1112 regum
2417 1060 2550 1099 Daciae

347 1145 614 1184 confirmantur
642 1147 679 1180 et
709 1139 970 1178 stabiliuntur.
1003 1158 1053 1165 -
1081 1134 1255 1187 Nyburq
1285 1135 1325 1172 in
1349 1133 1613 1185 par-lamento
1641 1131 1875 1180 Danorum,
1914 1132 2014 1171 infra
2044 1136 2205 1171 octavas
2234 1131 2325 1171 Joh.
2353 1130 2549 1183 baptistae.

730 1211 814 1249 Leg.
841 1209 912 1240 Jut.
939 1207 990 1238 ed.
1019 1206 1106 1237 1504
1132 1208 1164 1236 et
1192 1204 1292 1236 1508.
1341 1202 1575 1244 Westphalen
1611 1203 1762 1233 Manum.
1789 1201 1876 1234 ined.
1911 1203 2007 1234 Tom.
2038 1204 2100 1235 IV.
2137 1203 2329 1234 1778-80.
2386 1200 2552 1242 Ludewig

730 1269 893 1313 Reliquiae
917 1270 1007 1300 Mss.
1030 1268 1112 1299 Xll.
1138 1277 1168 1309 p.
1193 1264 1365 1298 213—16.
1425 1266 1514 1296 Dan.
1539 1261 1652 1295 versio
1678 1273 1729 1305 ap.
1756 1262 1938 1305 Hvitseldt,
1975 1266 2096 1297 Danm.
2128 1263 2235 1305 Riges
2267 1266 2373 1296 Kriin.
2407 1273 2439 1305 p.
2472 1262 2552 1299 563.

733 1331 804 1375 (ed.
830 1331 863 1363 in
889 1331 1058 1362 410T0m.
1081 1329 1142 1360 IV.
1166 1339 1198 1370 p.
1223 1326 1300 1370 20.)
1325 1325 1380 1358 ubi
1406 1325 1492 1357 diem
1518 1324 1723 1367 adscriptum
1750 1324 1869 1357 habet:
1895 1326 2030 1358 ottende
2054 1328 2174 1367 Dagon
2199 1326 2286 1358 efter
2311 1328 2362 1358 st.
2385 1324 2552 1357 ,Iohannis

732 1392 888 1436 baptistae
922 1393 999 1432 Dag
1033 1390 1090 1433 (oz
1132 1390 1161 1422 l.
1198 1388 1318 1431 sulii).
1382 1388 1528 1429 Interpr.
1565 1388 1653 1418 Dan.
1689 1389 1859 1419 vetustam
1880 1377 2071 1420 ‘ediderunt
2105 1387 2264 1420 Molbech
2301 1390 2333 1419 et
2368 1387 2552 1427 Petersen,

730 1454 872 1487 Danske
897 1453 1072 1496 Diplomer
1097 1452 1124 1483 1.
1149 1462 1181 1494 p.
1205 1451 1308 1482 3-5.
1358 1450 1433 1482 cfr.
1458 1449 1563 1481 Suhm
1589 1448 1681 1480 Hist.
1707 1449 1748 1480 af
1768 1449 1916 1481 Danmk.
1941 1450 2040 1481 XIV.
2067 1449 2123 1481 41.

133 1532 165 1564 6,
202 1530 296 1565 Juffi,
601 1517 750 1564 [2711]
807 1515 989 1554 NiconAi
1020 1512 1310 1565 archiepiscopi
1340 1510 1593 1557 Lundensis‚
1622 1510 1840 1549 JOHANMS
1870 1511 2084 1563 RipensiS,
2115 1509 2250 1548 Omw
2281 1508 2552 1555 Arlmsiensis,

343 1589 493 1628 JAcossl
538 1587 814 1639 Vibergensis,
857 1584 1042 1624 Niconm
1082 1582 1416 1628 Roschildensis,
1459 1581 1679 1619 Svmvoms
1715 1579 2002 1632 Burglanensis
2040 1584 2079 1619 et
2112 1580 2392 1619 &VALnnmAiu
2431 1578 2553 1618 Otho-

344 1659 495 1697 niensis
526 1659 799 1710 episcoporum
826 1656 944 1694 literae
974 1654 1311 1705 indulgentiarum,
1340 1651 1408 1690 ubi
1439 1650 1632 1697 omnibus,
1664 1651 1730 1704 qui
1760 1664 1850 1689 vere
1880 1652 2134 1703 poenitentes
2164 1653 2204 1688 et
2232 1649 2408 1688 confessi
2431 1649 2555 1688 eccle-

345 1730 444 1767 siam
482 1727 519 1766 b.
555 1728 756 1767 Laurentii
794 1728 830 1765 in
867 1725 1047 1765 Undluse
1084 1722 1395 1762 Roschildensis
1434 1720 1671 1760 dioeceseos
1706 1721 1953 1759 visitaverint
1982 1724 2078 1767 etc„
2110 1719 2367 1773 quadraginta
2403 1719 2554 1759 dierum

346 1797 594 1850 indulgentiae
622 1798 910 1851 promittuntur.
941 1816 990 1822 —-
1021 1794 1213 1846 Nyborq,
1245 1796 1380 1830 octava
1412 1790 1682 1843 apostolorum
1713 1789 1823 1829 Petri
1853 1794 1893 1829 et
1922 1789 2049 1829 Pauli.

734 1868 821 1899 Diin.
848 1864 1007 1897 Biblioth.
1032 1865 1075 1896 11.
1101 1863 1291 1895 104—105.
1338 1862 1466 1903 Estrup
1491 1863 1683 1904 Tygestrup
1707 1872 1738 1903 p.
1768 1859 1936 1892 157—59.

128 1939 179 1971 15.
211 1937 309 1971 Julii.
605 1929 749 1979 [2712]
807 1927 951 1967 JOHAN
989 1926 1250 1964 Wrwnxops
1287 1923 1500 1974 Erklaering
1539 1937 1601 1961 om
1639 1926 1679 1961 at
1716 1922 1817 1961 have
1854 1921 2058 1973 modtaget
2086 1921 2122 1959 al
2159 1919 2233 1959 den
2262 1917 2481 1971 Rettighed
2511 1919 2553 1959 til

347 1999 492 2038 Slottet
521 1998 761 2045 Hadorslaef,
792 2012 878 2037 soni
907 1995 1153 2048 Konegund,
1183 1993 1427 2046 Hei-tuginde
1457 1993 1500 2031 as
1525 1993 1703 2044 Slesvig,
1747 1991 1817 2050 hai·
1852 1991 1964 2038 havt,
2010 2005 2059 2042 og
2088 1995 2127 2029 at
2160 1990 2237 2028 han
2268 1989 2356 2028 ikke
2386 1990 2438 2028 vil
2467 1989 2554 2029 lade

345 2069 542 2108 hemeldte
574 2069 663 2108 Slot
693 2069 834 2107 udliise
870 2066 1078 2115 as,Aud=·e
1113 2064 1189 2104 end
1217 2064 1335 2116 Kong
1365 2062 1465 2102 Olus
1490 2076 1540 2114 og
1567 2062 1668 2101 hans
1697 2062 1904 2113 Arvinger.
1932 2084 1985 2090 —
2013 2060 2236 2115 Nyborylt,
2266 2073 2312 2098 an
2336 2059 2403 2098 der
2424 2059 2555 2112 hilgen

346 2139 458 2178 twell'
481 2140 661 2192 aposteln
691 2139 803 2191 dage.
2300 2128 2554 2182 (Plattydsk).

736 2208 841 2240 Sulim
866 2207 958 2240 nist.
984 2207 1025 2239 af
1044 2205 1193 2238 Danmk.
1218 2205 1314 2237 XIV.
1339 2203 1488 2236 506—7.

96 2279 146 2311 10.
170 2277 325 2320 Augusti.
610 2270 754 2321 [2713]
810 2270 975 2315 Literae‚
1021 2267 1168 2321 quibus
1207 2266 1398 2305 JACOBUS
1443 2264 1677 2304 OLAFszmv
1721 2263 1838 2302 miles
1869 2266 2002 2302 notum
2038 2261 2152 2307 savit,
2196 2274 2240 2300 se
2278 2260 2326 2300 de
2363 2264 2556 2300 conventu

349 2345 493 2380 sanctae
524 2341 643 2380 Clarae
672 2339 882 2379 Roskildis
910 2339 1013 2379 hona
1043 2339 1174 2391 ipsius
1203 2337 1387 2375 universa
1417 2336 1455 2373 in
1483 2334 1643 2373 Meonia
1673 2334 1751 2372 sita
1780 2333 1831 2372 ad
1860 2347 1931 2373 sex
1961 2345 2086 2371 annos
2113 2331 2369 2370 conduxisse.
2397 2353 2452 2359 —
2478 2331 2555 2370 Die

348 2413 476 2450 sancti
507 2411 722 2450 Laurentii.

739 2480 842 2513 Suhm
869 2478 958 2512 Hist.
984 2479 1023 2511 af
1044 2478 1192 2511 Danmk.
1217 2477 1315 2509 XIV.
1340 2474 1488 2507 508—9.

96 2560 149 2592 21.
172 2559 324 2601 Augusti.
608 2549 761 2598 [ΞΠ-1.]
818 2549 976 2595 Lsterae,
1006 2548 1151 2601 quibus
1174 2546 1404 2585 JOHANNES
1429 2545 1721 2583 Smmnssom
1748 2546 1882 2581 notum
1907 2540 2088 2581 omnibus
2111 2539 2216 2586 facit,
2246 2552 2291 2577 se
2316 2541 2554 2579 monasterio

351 2622 570 2657 sanctorum
607 2619 768 2658 Thomae
805 2623 844 2658 et
877 2619 1064 2657 willelmi
1103 2617 1151 2655 de
1188 2615 1382 2654 Paraclito
1420 2616 1457 2652 in
1494 2612 1710 2652 Ebhleholt
1746 2614 1875 2652 onmia
1915 2612 2016 2651 bona
2045 2623 2117 2649 sua
2157 2611 2194 2648 in
2224 2608 2555 2662 Haeslaebyerghae

353 2689 425 2726 sita
453 2690 737 2740 assignavisse.
767 2711 818 2717 -—
843 2689 918 2728 Die
947 2687 1226 2726 Bartlmlomaei
1257 2685 1442 2738 apostoli.

739 2760 926 2800 Langebek
951 2757 1091 2800 Seriptt.
1116 2758 1177 2788 VI.
1208 2755 1282 2787 172.

136 2836 168 2866 8-
194 2836 322 2877 Septbr.
611 2831 753 2882 [2715]
810 2832 935 2878 Brev,
977 2829 1149 2869 hvorved
1186 2827 1308 2866 ,ΗΠΒ
1347 2827 1445 2866 Mus
1481 2827 1731 2866 mortificerer
1763 2825 1964 2876 Dronning
1998 2821 2244 2874 Margarotes
2282 2820 2555 2874 Gjeldsbeviis

357 2897 398 2935 til
441 2897 551 2945 ham,
592 2899 763 2939 hvorved
803 2901 882 2939 hun
926 2900 1051 2939 havde
1089 2902 1251 2952 pantsat
1287 2897 1378 2937 ham
1414 2897 1666 2949 Eluesboigb
1706 2897 1764 2936 sor
1801 2894 1878 2934 2⁰0
1914 2893 2045 2945 liidige
2082 2892 2206 2931 Mark.
2238 2914 2286 2920 —
2318 2892 2462 2940 Lmzd,
2506 2905 2555 2930 an

358 2980 474 3006 unser
503 2968 666 3007 Vrowen
697 2970 793 3020 dage
823 2971 1053 3008 nativitatis.
2299 2961 2556 3013 (Plattydsk).

744 3040 845 3071 sulum
872 3040 961 3071 Hist.
986 3040 1025 3071 af
1046 3039 1191 3071 Damnk.
1216 3038 1313 3070 xlv.
1339 3038 1488 3070 507-8.
1548 3037 1663 3077 Udtog
1686 3035 1748 3067 hos
1774 3032 2007 3075 Lagerbring‚
2032 3034 2118 3064 Svea
2141 3032 2251 3064 Rikes
2278 3032 2368 3064 Hist.
2392 3032 2452 3064 111.
2475 3031 2555 3063 680.

118 3115 173 3146 31.
199 3114 333 3147 Octobr.
613 3109 765 3157 [2716]
821 3112 1036 3150 Rura-omn
1062 3111 1287 3150 Gonnunm(
1319 3111 1453 3156 literae,
1483 3110 1628 3162 quibus
1658 3108 1785 3147 omnia
1815 3120 1887 3145 sua
1916 3105 2018 3144 bona
2047 3104 2225 3143 “Hasniae
2243 3104 2414 3143 situata”
2445 3102 2556 3142 offert

360 3177 409 3215 ad
439 3190 610 3216 mensam
642 3178 854 3218 decanatus
882 3180 1134 3226 Hafniensis,
1163 3193 1233 3232 pro
1263 3180 1403 3218 missis
1433 3179 1692 3217 celebrandis.
1723 3198 1772 3205 —
1803 3176 1985 3227 Hafnice,
2018 3174 2065 3212 A·
2094 3174 2251 3213 Domin.
2280 3171 2555 3214 MCCCLXX.

363 3247 528 3299 septima
558 3247 685 3299 vigilia
716 3248 827 3294 (corr.
857 3249 1127 3287 MCCCLXX.
1157 3249 1350 3300 septimo,
1379 3249 1526 3300 vigilia)
1557 3249 1727 3287 oninium
1758 3248 1995 3286 sanctorum.

748 3318 969 3360 Pontoppidan
997 3319 1132 3351 Annall.
1159 3319 1240 3352 eccl.
1267 3319 1355 3350 Dan.
1381 3318 1423 3350 11.
1449 3317 1529 3349 218.
