2649 3686
376 173 444 224 38
1231 169 1385 217 Kos-G
1417 166 1550 214 Eum
1584 165 1719 214 Lm.

767 344 950 379 'l'horkelin
976 343 1068 386 Dipl.
1094 343 1327 382 Arna-Magn.
1364 341 1390 374 1.
1424 350 1456 382 p.
1493 339 1573 374 247.
1634 339 1708 374 Cfr.
1733 340 1920 382 Langehek
1945 340 2083 384 Scriptt.
2119 340 2146 375 1.
2172 340 2253 377 273.
2286 339 2392 373 Suhm
2424 339 2514 375 nist,
2544 340 2583 372 at*

766 408 911 441 Danmk.
938 406 983 440 V.
1010 404 1087 438 580.
1113 403 1191 437 543.
1239 401 1349 434 Vedel
1374 400 1555 434 Simonsen
1582 400 1712 444 Bidrag
1736 401 1776 434 til
1800 403 1933 436 Odense
1957 405 2048 447 Byes
2076 401 2165 436 nist.
2187 413 2219 445 p.
2244 400 2302 436 99.

190 546 301 583 1122.
1400 525 1546 575 1142.

149 645 180 677 -1.·
206 646 349 678 Januar.
636 643 762 692 [189]
818 641 943 680 Enim
975 640 1078 690 regis
1107 638 1362 685 confirmatio,
1393 639 1430 677 in
1460 637 1736 690 compendium
1761 637 1931 685 redacta,
1960 639 2211 692 piscationis,
2242 638 2421 679 ecclesiae
2445 638 2579 678 Sancti
2625 689 2630 695 ὓ

377 709 514 749 Canuti
546 710 770 751 Othiniensi
800 725 821 750 a
846 709 1009 749 Nicolao
1039 722 1130 760 rege
1161 707 1315 747 oblatae.
1347 729 1395 735 —
1428 706 1477 746 II.
1508 722 1598 747 non.
1627 707 1817 746 Januarii.

765 778 949 812 'l'horkelin
974 778 1063 820 Dlpl.
1091 780 1329 819 Arna-Magn.
1354 778 1382 812 Ι.
1409 777 1580 813 247—48.
1631 778 1704 813 Cfr.
1732 778 1918 819 Langebek
1941 777 2080 822 Scriptt.
2109 779 2135 814 1.
2161 778 2333 814 273—74,

187 852 305 893 Aprili.
635 842 761 890 [190]
819 840 984 880 Com-adi
1014 840 1178 891 secundi
1209 838 1331 889 (lllffi)
1360 840 1630 879 Romanorum
1659 840 1766 891 regis
1796 840 1988 893 diploma,
2032 855 2109 894 quo
2139 841 2349 880 ecclesiam
2382 842 2419 880 in
2448 841 2576 880 Rans-

379 911 517 975 houcili,
548 911 595 950 ab
625 926 696 950 avo
725 925 798 950 suo
821 910 990 949 Henrico
1017 912 1251 962 imperatore
1276 909 1492 957 fundatam,
1523 910 1598 949 sub
1621 910 1905 963 protectionem
1930 918 2042 950 suam
2064 912 2211 963 regiam
2236 912 2419 963 suscipit.
2476 910 2580 950 Inter

382 985 504 1019 testes
540 981 786 1033 subscriptos
822 982 1040 1018 nominatur
1076 979 1274 1019 “Pn'rnus
1315 980 1419 1018 filius
1455 981 1563 1032 regis
1602 980 1827 1018 Danorum”
1866 981 1918 1029 (ῦς
1949 980 2081 1020 Sveno
2120 981 2170 1019 fil.
2199 980 2307 1020 Erici
2337 980 2497 1030 Einun).
2529 1003 2577 1009 -

385 1050 661 1103 Il'irtzpnrclae,
692 1050 903 1089 indictione
934 1049 1001 1088 lV.
1030 1051 1139 1102 regni
1169 1063 1269 1089 anno
1297 1048 1346 1088 II.
1374 1051 1479 1099 (sine
1510 1049 1604 1098 die).

758 1121 890 1155 scheid.
919 1119 1051 1161 Origin.
1081 1120 1240 1152 Guelficae
1274 1122 1368 1155 Tom.
1396 1121 1440 1155 ΙΙ.
1466 1132 1498 1163 p.
1524 1120 1695 1155 477—78.
1756 1119 1830 1155 Ct'r.
1857 1120 1963 1154 Suhm
1987 1120 2076 1155 nist.
2110 1120 2150 1154 af
2179 1122 2302 1156 Danm.
2335 1121 2380 1155 V.
2407 1120 2578 1156 595—96.

761 1182 908 1215 Bohmer
932 1184 1084 1223 Regesta
1109 1182 1303 1225 imperator.
1331 1184 1513 1218 Romanor.
1540 1191 1571 1226 p:
1602 1182 1676 1217 116.
1704 1192 1758 1217 no.
1785 1181 1887 1216 2215,

153 1242 199 1274 ¹5-
229 1243 344 1276 lwcbr,
629 1242 757 1291 [191]
830 1243 999 1282 Conradi
1044 1242 1171 1293 (lllffi)
1216 1244 1489 1283 Romanorum
1531 1245 1638 1296 regis
1676 1243 1727 1283 ad
1765 1244 1958 1282 Joannem
1996 1245 2272 1296 imperatorem
2302 1243 2579 1283 Constantino-

374 1311 588 1362 politanum
631 1313 771 1360 literae,
825 1313 970 1366 quibus
1011 1318 1253 1366 potestatem
1297 1315 1451 1367 imperii
1499 1316 1560 1354 sui
1600 1303 1640 1353 et
1672 1314 1835 1366 gloriam
1872 1315 1909 1353 ei
1945 1314 2182 1366 persvadere
2226 1317 2408 1361 conatur,
2462 1328 2580 1367 quum

376 1394 511 1420 omnes
556 1381 807 1422 adversarios
852 1398 950 1424 suos
988 1386 1073 1438 jam
1118 1388 1326 1438 “potenter
1371 1385 1410 1423 in
1457 1384 1648 1437 imperiali
1690 1386 1780 1438 jure
1826 1384 2104 1433 inclinasset”;
2157 1384 2327 1423 addens:
2385 1384 2463 1423 “ad
2505 1384 2580 1423 hoc
2623 1382 2641 1420 f

370 1450 531 1490 francia
561 1456 601 1490 et
627 1452 843 1506 Hispania,
872 1454 1037 1506 Anglia,
1067 1455 1215 1494 DAMA
1245 1458 1456 1507 ceteraque
1484 1468 1603 1506 regna
1633 1456 1798 1506 imperio
1824 1458 1959 1493 nostro
1989 1454 2230 1507 adjacentia,
2269 1454 2499 1507 quotidiana
2529 1455 2580 1493 le-

371 1522 526 1569 gatione
557 1535 628 1561 sua
658 1537 746 1562 cum
775 1523 909 1563 debita
938 1526 1157 1564 reverentia
1187 1528 1226 1564 et
1262 1524 1456 1578 obsequio
1494 1539 1569 1564 nos
1605 1524 1890 1578 frequentant”.
1928 1547 1977 1552 —
2017 1525 2277 1578 Hatisponce,
2319 1523 2468 1563 XVlll.
2505 1524 2578 1563 cal.

369 1590 616 1642 (J2muarii‘3).
674 1593 770 1633 Sine
800 1608 914 1633 anno.

757 1664 892 1698 Ottonis
924 1664 1160 1707 Frisingensis
1199 1665 1238 1698 de
1274 1665 1384 1707 gestis
1419 1664 1593 1699 Frederici
1627 1662 1684 1697 1mi
1715 1663 1841 1708 (Basil.
1884 1663 1982 1699 1569.
2018 1663 2116 1708 Ful.)
2148 1663 2242 1699 Libr.
2277 1665 2303 1699 1.
2340 1673 2410 1707 cap.
2443 1664 2576 1698 XXIII.

760 1738 791 1770 p.
818 1726 1012 1762 206—202
2320 1732 2327 1735 ’

188 1817 301 1854 1145.
1399 1815 1543 1864 1145.

151 1900 334 1933 1:3.J11nii.
627 1910 756 1960 [192]
812 1912 962 1952 Hnmffl:
1004 1913 1184 1965 episcopi
1223 1913 1419 1965 Ripensis
1461 1913 1733 1967 privilegium,
1777 1913 1981 1952 canonicis
2009 1912 2259 1966 Ripensibus
2303 1913 2460 1959 datum,
2511 1916 2579 1951 “ut

370 1977 531 2019 scholas
572 1995 641 2033 pro
686 1985 777 2020 voto
822 1996 895 2021 suo
940 1986 979 2021 et
1020 1983 1190 2021 consilio
1230 1985 1410 2035 episcopi
1448 1984 1629 2022 ordinent
1665 1988 1705 2022 et
1743 1985 1907 2023 canonia
1954 1997 2100 2022 vacans
2145 1997 2281 2022 eorum
2324 1983 2492 2022 consilio
2539 1987 2578 2022 et

370 2061 568 2089 consensu
596 2051 849 2091 collocetur”.
880 2075 928 2081 -
961 2053 1207 2106 Hoenm'nqlt,
1239 2054 1330 2092 idus
1358 2054 1477 2092 Junii.

758 2124 932 2165 Terpagcr
956 2123 1052 2166 Ripa:
1078 2123 1203 2158 Cimbr.
1233 2135 1262 2166 p.
1294 2123 1368 2159 108,
1418 2127 1502 2159 Dan.
1530 2123 1667 2167 interpr.
1696 2123 1783 2168 apud
1810 2123 1992 2166 Hvitt'eldt,
2018 2122 2208 2166 Bispe-Kr.
2235 2134 2265 2166 p.
2292 2122 2347 2157 22.

145 2170 172 2202 ¹·
201 2171 328 2211 septbr.
626 2183 752 2231 [193.]
809 2184 953 2223 Literae
989 2185 1037 2224 (le
1077 2171 1379 2232 donationibus,
1423 2187 1568 2239 quibus
1597 2187 1830 2230 Esxumrs,
1875 2184 2078 2224 secundus
2107 2185 2435 2238 archiepiscopus
2472 2185 2576 2224 Lun-

366 2248 518 2297 densis,
549 2253 759 2293 ecclesiam
790 2269 900 2294 suam
933 2259 1156 2302 ornaverat,
1187 2257 1223 2294 in
1254 2256 1477 2308 praebendis
1507 2257 1738 2303 fundandis,
1767 2255 1948 2308 pluribus
1984 2255 2102 2294 rebus
2137 2257 2328 2307 pretiosis
2359 2256 2602 2303 donandis,

365 2326 404 2358 et
434 2323 591 2372 optione
619 2324 913 2375 praebendarum
944 2325 1170 2364 ordinanda.
1243 2326 1407 2373 Testes,
1444 2327 1588 2379 quibus
1614 2326 1877 2380 praesentibus
1906 2325 1988 2364 haec
2019 2324 2245 2364 “dedicatio
2276 2330 2316 2365 et
2345 2327 2575 2378 inscriptio''

366 2391 470 2429 edita
499 2397 583 2439 est,
613 2399 987 2434 commemorantur:
1044 2396 1225 2434 Aszerus
1255 2396 1471 2443 Selandire,
1516 2396 1630 2436 Gislo
1660 2396 2025 2448 Liungacopensis,
2071 2394 2276 2446 Otgrimus
2307 2396 2575 2435 Skaronensis

367 2466 405 2499 et
434 2461 681 2502 Hermannus
711 2464 995 2505 Sleswicensis
1031 2467 1232 2518 episcopi,
1274 2470 1414 2518 praeter
1450 2467 1584 2520 plures
1622 2466 1790 2505 clericos
1820 2465 2047 2504 inferiorum
2078 2466 2270 2505 ordinum.
2303 2488 2351 2494 —
2390 2467 2573 2515 Lundis,

369 2531 517 2570 ‹·aleu‹1.
547 2532 819 2585 Septembris,
849 2535 1065 2576 indictione
1094 2535 1201 2575 YlH.

756 2605 930 2646 Liljegrcn
954 2606 1043 2649 Dipl.
1066 2608 1163 2641 Svec.
1187 2607 1212 2641 Ι.
1237 2618 1290 2642 no.
1312 2608 1368 2642 35.
1386 2619 1415 2650 p.
1438 2608 1587 2643 51—53.
1637 2606 1840 2640 Sommelius
1862 2606 1901 2639 de
1928 2605 2064 2638 Eskillo
2093 2605 2348 2649 archiepiscopo
2369 2617 2401 2649 p.
2424 2606 2571 2639 47—50.

627 2665 755 2714 [ml]
812 2667 1100 2706 Documentum
1139 2668 1187 2707 de
1225 2670 1407 2709 omnibus
1443 2671 1494 2709 iis
1531 2670 1671 2716 rebus,
1726 2668 1870 2721 quibus
1917 2668 2129 2707 “dominus
2169 2668 2383 2707 Emmaus
2427 2672 2572 2706 sanctae

372 2731 596 2772 Lundcnsis
632 2735 810 2775 ecclesia}
841 2737 1192 2790 archiepiscopus''
1223 2741 1434 2779 ecclesiam
1464 2740 1717 2779 Lundensem
1749 2742 1975 2784 ornaverat,
2019 2739 2057 2776 in
2096 2738 2307 2777 donatione
2347 2739 2574 2790 possessio·
2636 2747 2639 2771 1

374 2816 480 2846 num,
511 2805 754 2845 institutione
784 2806 1128 2846 archidiaconatus
1158 2812 1197 2847 et
1226 2809 1479 2849 thesauraria}
1510 2815 1585 2849 etc.

756 2875 931 2917 Liljcgren
957 2877 1047 2920 Dipl.
1074 2881 1171 2913 Svec.
1199 2880 1223 2913 I.
1250 2890 1304 2913 no.
1329 2879 1384 2914 34.
1411 2891 1442 2922 p.
1470 2879 1617 2915 49—51.
1658 2878 1870 2927 'Sommelius
1894 2879 1934 2911 de
1951 2878 2086 2911 Eskillo
2107 2877 2362 2921 archiepiscopo
2377 2872 2407 2922 p.
2425 2878 2571 2912 44—-17.

628 2936 753 2985 [195]
811 2938 1098 2977 Documentum
1142 2939 1190 2978 (le
1240 2940 1489 2980 dedicatione
1541 2941 1719 2980 ecclesiae
1762 2940 1993 2979 Lundensis
2035 2941 2200 2993 majoris
2243 2940 2316 2979 cal.
2359 2940 2472 2992 Sept.
2523 2939 2571 2978 ab

372 3000 578 3040 lisrmnm
610 3004 804 3046 Danorum
834 3008 1156 3061 archiepiscopo,
1199 3011 1423 3050 astantibus
1453 3016 1492 3050 et
1520 3009 1799 3050 auxiliantibus
1828 3009 2067 3048 Herimanno
2098 3010 2362 3056 Slesvicensi,
2406 3009 2571 3049 Gislone

372 3069 565 3121 Ostgotim
595 3077 633 3110 ct
662 3075 891 3127 Oethgrimo
923 3078 1139 3129 Vestgotiae
1170 3081 1389 3132 episcopis.
1459 3080 1642 3119 Ecclesia
1681 3080 1718 3117 in
1755 3079 1942 3118 honorem
1971 3080 2106 3119 Mariae
2144 3085 2184 3119 et
2212 3081 2339 3118 sancti
2368 3079 2570 3119 Laurentii

371 3145 599 3179 consecrata
629 3147 702 3181 est.
759 3146 951 3199 Reliqnioe
982 3148 1035 3187 ibi
1067 3148 1257 3200 depositae
1289 3154 1574 3189 enumerantur.
1648 3149 1880 3188 Annectitur
1910 3151 2047 3188 notitia
2077 3150 2126 3188 de
2156 3150 2404 3189 dedicatione
2433 3150 2570 3188 altaris
2605 3149 2607 3153 ’

372 3210 521 3247 sinistri
562 3211 737 3262 ejusdem
777 3217 952 3256 ecclesia}
991 3218 1039 3256 ab
1074 3217 1229 3257 Eskillo
1268 3220 1569 3273 archiepiscopo
1608 3219 1680 3257 cal.
1712 3219 1934 3272 Septembr.
1975 3220 2077 3259 1146
2112 3223 2151 3258 et
2189 3219 2238 3258 de
2274 3220 2452 3273 reliquiis
2482 3233 2569 3259 san-

370 3283 516 3317 ctorum
551 3279 601 3318 ibi
632 3286 858 3323 asservatis.
891 3309 938 3314 —
970 3287 1107 3326 Indict.
1136 3287 1244 3327 VIII.

759 3352 921 3396 Kihlgrcn
948 3357 1090 3399 (stobaei
1117 3358 1269 3401 praesidQ
1296 3360 1335 3393 de
1360 3359 1505 3393 nummis
1533 3362 1564 3392 ct
1586 3359 1714 3402 sigillis
1743 3360 1912 3395 Lundens.
1941 3370 1969 3403 p.
1996 3359 2051 3394 67.
