2649 3686
373 161 529 210 KoNG
564 159 907 213 Cnmsropnnn
943 181 1040 214 DEN
1075 165 1283 215 Fons’m.
1351 167 1507 216 Koxo
1541 168 1671 217 Ean(
1708 168 1961 219 Grumum.
2180 176 2275 226 131

61 243 2272 271 Ἢ

3 374 11 380 ,
63 335 129 374 tim
159 335 260 374 visis
288 334 415 374 literis
444 335 535 374 istis
564 335 692 375 divina
725 338 762 376 in
793 337 935 378 iisdem
965 353 1072 380 more
1095 341 1214 381 solito
1242 342 1481 395 praecipiatis
1517 342 1646 382 officia
1682 343 1892 392 celebrari,
1936 346 2042 384 sicut
2078 348 2115 385 in
2152 362 2269 400 regno
2349 350 2463 390 1259.

63 408 197 444 nostro
227 408 334 444 stare
364 405 568 445 volueritis
598 410 638 446 et
666 406 783 446 bonis
812 409 1011 462 aliquibus
1050 411 1087 450 in
1127 425 1175 451 eo
1215 413 1293 458 uti,
1334 410 1411 451 hoc
1448 411 1671 452 nullatenus
1715 415 1939 454 omissuri''.
1983 438 2036 444 —-
2083 417 2274 469 Ορηενιε,
2300 419 2530 463 antel5.Ap1·.

60 476 163 524 (sine
191 487 294 514 anno
324 479 364 515 et
392 475 486 524 die).

452 545 640 587 Langebek
665 547 805 590 Scriptt.
830 550 875 582 V.
899 549 978 583 603.
1028 553 1087 584 11oe
1101 551 1206 585 literae
1221 555 1298 586 ante
1319 552 1440 586 literas
1465 552 1616 596 proxime
1640 554 1870 597 praecedentes
1899 556 1984 588 datm
2011 567 2088 590 esse
2109 557 2275 592 videntur.

286 632 289 636 ι
321 606 468 658 [1034.]
524 607 685 647 Esaiam
715 611 895 663 episcopi
922 612 1116 665 Ripensis
1146 614 1287 661 literae,
1330 614 1475 667 quibus
1514 619 1683 654 testatur
1719 616 1919 657 dominum
1958 618 2179 658 Conradum
2210 621 2275 659 Al·
2304 625 2354 657 11.
2381 627 2517 670 Aprilis.

59 676 170 724 bum,
212 677 339 717 civem
377 678 618 731 Ripensem‚
656 681 957 731 recognovisse,
997 696 1042 722 se
1079 683 1285 723 monachis
1314 683 1413 724 Loci
1443 685 1518 724 Dei
1550 685 1711 724 fundum
1743 687 1849 727 illum
1888 702 1935 727 ex
1967 690 2151 742 opposito
2183 689 2275 737 sori,

58 759 174 800 quem
204 747 400 800 quondam
429 748 668 802 possederat
697 749 901 790 Conradus
930 751 1079 800 Prone,
1118 755 1274 794 nomine
1304 754 1447 795 nobilis
1476 755 1626 795 domini
1655 757 1814 797 comitis
1844 758 2005 797 Arnesti
2035 763 2234 799 scotasse.

168 822 174 831 '
448 820 638 860 Langebek
663 820 798 863 scriptt.
825 822 920 854 Vlll.
946 822 1026 856 241.

319 880 476 930 [1035]
536 880 867 922 Cumsrovuom
900 885 1006 935 regis
1036 885 1156 924 literae
1185 886 1234 924 ad
1262 886 1436 926 decanos
1465 891 1504 926 et
1534 888 1702 928 clericos
1719 889 1952 937 Hallanfflae,
1982 890 2128 944 quibus
2154 893 2272 945 impe·
2303 899 2353 932 15.
2380 900 2520 944 Aprilis.

58 952 137 995 rat,
167 952 231 996 ut,
261 949 457 990 interdicti
487 950 592 990 nulla
621 950 754 991 habita
784 953 953 999 ratione,
983 953 1115 993 divina
1144 956 1331 996 studeant
1358 971 1489 997 coram
1519 959 1666 1012 populo
1697 961 1735 999 in
1766 961 1952 1001 ecclesiis
1982 961 2192 1002 celebrare.
2221 985 2276 993 —

63 1018 372 1074 Thorneborqlae,
402 1020 470 1060 111.
501 1020 565 1060 die
592 1034 724 1073 pascae
755 1022 856 1070 (sine
886 1025 1018 1072 anno).

449 1091 635 1133 Langebek
661 1092 801 1135 scriptt.
826 1094 871 1126 V.
895 1093 1043 1126 603—4.
1092 1095 1179 1128 Dan.
1205 1095 1348 1140 interpr.
1374 1108 1430 1140 ap.
1455 1098 1644 1141 nvitfeldt‚
1676 1101 1797 1133 Danm.
1822 1099 1930 1143 Riges
1955 1100 2112 1134 Kranike
2136 1113 2167 1145 p.
2193 1102 2273 1136 257.

455 1154 613 1186 German.
641 1153 779 1198 interpr.
804 1165 856 1197 ap.
883 1155 1138 1199 Pontoppidan‚
1163 1159 1299 1191 Annali.
1323 1160 1446 1193 eccles.
1471 1161 1557 1193 Dan.
1585 1161 1611 1194 1.
1637 1160 1717 1194 699.

316 1216 463 1267 [1036]
521 1216 772 1256 Annxmvnm
817 1215 931 1267 (lvti)
974 1232 1084 1271 papa>
1129 1218 1269 1266 literae,
1314 1221 1459 1273 quibus
1494 1223 1746 1269 Sverinensi,
1788 1223 2006 1264 Lubicensi
2046 1230 2086 1265 et
2123 1225 2272 1265 Padne-
2320 1233 2353 1264 4.
2379 1232 2484 1266 Junii.

58 1283 243 1337 burgensi
274 1284 623 1337 (paderbornensi)
654 1288 860 1340 episcopis
897 1288 1075 1336 mandat,
1120 1293 1163 1327 ut
1204 1303 1336 1342 regem
1375 1291 1508 1331 Daciae
1551 1292 1913 1346 (Christophorum)
1958 1298 2054 1348 “per
2095 1310 2168 1335 vos
2211 1297 2271 1336 vel

30 1354 159 1402 „alios
187 1369 345 1396 monere
381 1371 429 1396 ac
466 1356 678 1396 efficaciter
715 1356 899 1396 inducere
936 1360 1174 1410 procuretis,
1217 1363 1261 1398 ut
1304 1361 1402 1400 insra
1438 1375 1557 1400 unum
1594 1376 1771 1401 mensem
1811 1367 1906 1416 post
1942 1364 2168 1418 hujusmodi
2206 1366 2271 1404 ad-

54 1426 308 1466 monitionem
347 1427 542 1466 vestram’'
580 1427 927 1480 archiepiscopum
965 1428 1242 1476 Lundensem,
1285 1433 1540 1484 praepositum
1581 1436 1620 1471 et
1658 1431 1975 1473 archidiaconum
2014 1434 2269 1475 Lundensem

38 1494 234 1549 r“absque
264 1496 495 1537 difficultate
527 1498 701 1551 qualibet
727 1499 902 1551 pristinae
932 1498 1098 1537 libertati
1130 1484 1366 1548 restituens,
1410 1515 1483 1541 eos
1511 1501 1633 1541 libere
1663 1502 1770 1542 abire
1799 1505 2035 1556 permittat'‘.
2073 1527 2125 1534 —
2160 1507 2270 1546 Ana-

58 1568 182 1619 qm'oe,
211 1567 311 1619 prid.
341 1581 432 1607 non.
461 1568 590 1615 Junii,
619 1568 759 1621 pontif.
791 1582 892 1608 anno
922 1570 1070 1622 quinto.

448 1639 637 1680 Langebek
662 1638 802 1682 Scriptt.
836 1640 881 1671 V.
914 1638 1062 1671 604—5.
1120 1638 1258 1671 Similes
1291 1638 1397 1672 literae
1432 1643 1466 1672 et
1497 1642 1654 1685 episcopo
1687 1642 1930 1685 wiburgensi,
1971 1644 2144 1677 “illustris
2176 1645 2269 1688 regis

444 1700 561 1733 Daciae
588 1699 839 1742 cancellario''‚
864 1701 897 1731 et
920 1699 1078 1742 episcopo
1103 1700 1282 1732 Arusiensi
1308 1701 1424 1733 eodem
1451 1701 1505 1735 die
1530 1704 1664 1746 scripta:
1690 1707 1769 1736 sunt
1794 1704 1896 1747 (ibid.
1922 1717 1953 1748 p.
1978 1705 2090 1750 6050.

316 1761 463 1814 [1037]
520 1763 768 1803 Amaxawnm
801 1759 914 1810 (lvfi)
943 1775 1054 1814 papae
1084 1761 1134 1800 ad
1162 1763 1377 1815 principem
1407 1764 1638 1816 Ryanorum
1669 1765 1807 1813 literae,
1842 1767 1987 1819 quibus
2017 1782 2105 1806 eum
2136 1773 2268 1820 rogat,
2317 1756 2482 1809 4.'Junii.

52 1835 96 1871 ut
124 1830 491 1886 archiepiscopum,
519 1835 775 1887 praepositum
805 1836 846 1872 et
875 1831 1190 1870 archidiaconum
1219 1831 1460 1873 Lundenses
1489 1848 1537 1874 ex
1565 1836 1795 1888 captivitate
1825 1836 1989 1876 liberare
2019 1852 2088 1890 pro
2119 1838 2268 1878 viribus

55 1905 228 1942 conetur.
259 1924 308 1931 —
340 1904 560 1956 Anaqniae,
589 1904 691 1957 prid.
721 1918 811 1943 non.
840 1902 966 1948 Junii,
985 1901 1142 1954 pontif.
1171 1914 1272 1942 anno
1302 1905 1451 1956 quinto.

447 1974 634 2015 Langebek
658 1973 797 2017 Scriptt.
824 1974 870 2006 V.
897 1971 1046 2005 605—6.

313 2034 460 2086 [l038]
517 2035 674 2075 Jacom
713 2034 1002 2087 archiepiscopi
1038 2031 1268 2072 Lundensis
1312 2035 1454 2083 literae,
1497 2036 1641 2089 quihus
1679 2039 1869 2084 testatur,
1914 2051 1959 2077 se
1995 2038 2149 2078 vidisse
2178 2043 2265 2078 acta
2294 2042 2345 2075 11.
2368 2043 2524 2085 Augusti.

53 2093 268 2143 dotationis
292 2105 453 2144 claustri
482 2106 710 2145 monialium
738 2106 808 2144 Stae
829 2104 949 2143 Clarae
978 2102 1188 2142 Roskildis
1219 2103 1268 2145 de
1303 2119 1392 2146 ann.
1432 2106 1559 2153 1257,
1597 2105 1702 2145 Vlll.
1733 2106 1785 2146 id.
1814 2106 1892 2145 Jul.
1923 2106 2020 2162 (vid.
2051 2121 2170 2160 supra
2201 2123 2263 2148 no.

51 2171 177 2227 995).
207 2197 259 2204 —
288 2175 471 2225 szdz's,
502 2178 673 2216 erastino
700 2176 756 2215 Sti
784 2175 1003 2215 Laurentii.

41 2234 46 2239 ”
448 2247 634 2280 Tliorkelin
659 2246 884 2289 Diplomatar.
910 2248 1147 2288 Arna-Magn.
1173 2248 1200 2280 I.
1224 2246 1304 2279 312.
1353 2245 1427 2278 Cfr.
1453 2246 1558 2278 Sulim
1582 2245 1673 2278 Hist.
1699 2247 1738 2278 af
1760 2247 1906 2279 Danmk.
1932 2249 1976 2280 X.
2001 2248 2172 2281 394—95.

315 2307 471 2357 [1039]
528 2308 656 2348 Emc1
685 2308 885 2347 Danorum
916 2307 1199 2361 Slavorumque
1228 2308 1354 2360 regis,
1385 2306 1658 2360 Christophori
1688 2309 1795 2359 regis
1825 2308 1909 2355 filii,
1939 2308 2129 2362 diploma,
2163 2323 2260 2362 quo,
2286 2318 2318 2350 5.
2353 2318 2483 2361 septbr.

56 2380 130 2416 “ex
160 2391 362 2417 consensu
391 2378 541 2418 dilectae
571 2379 733 2417 matris’'
764 2392 846 2417 suae
877 2378 985 2418 cives
1012 2377 1271 2417 Lubecenses
1306 2376 1409 2416 “sub
1440 2378 1654 2429 specialem
1684 2379 1913 2417 munitionis
1944 2392 2024 2418 suae
2055 2379 2264 2432 clypeum’'

55 2448 224 2488 tuendos
253 2450 444 2502 suscipit,
477 2462 633 2488 omnem
662 2449 971 2496 immunitatem,
1002 2462 1117 2502 quam
1147 2447 1221 2486 sub
1251 2446 1615 2500 praedecessoribus
1644 2446 1881 2495 habuerant,
1911 2449 2167 2496 confirmans,
2211 2451 2263 2488 in-

54 2531 252 2572 superque
276 2518 515 2565 concedens,
545 2522 600 2565 ut,
631 2519 666 2557 si
691 2518 795 2570 apud
821 2531 1075 2571 quascunque
1098 2522 1233 2570 partes
1259 2518 1365 2569 regni
1396 2517 1635 2568 naufragium
1660 2521 1898 2569 paterentur,
1928 2532 1993 2557 res
2022 2532 2134 2565 suas,
2163 2533 2263 2572 quas

56 2588 209 2628 salvare
237 2592 422 2642 poterunt
456 2589 626 2642 propriis
655 2587 858 2627 laboribus
887 2592 927 2626 et
955 2589 1162 2641 expensis,
1209 2588 1342 2626 salvas
1381 2590 1421 2625 et
1449 2588 1712 2625 inconcussas
1750 2586 1943 2634 habeant,
1987 2592 2027 2626 et
2068 2588 2117 2627 ab
2160 2590 2263 2627 omni

56 2659 298 2712 impetitione
327 2659 485 2699 liberas.
516 2681 566 2688 —
596 2657 829 2705 Roskildis,
859 2672 947 2697 non.
978 2657 1198 2710 Septembr.
1228 2670 1288 2696 an.
1323 2656 1439 2695 1254.

447 2730 579 2773 Dreyer
603 2729 742 2772 specim.
769 2729 810 2761 de
835 2729 948 2761 naufr.
972 2739 1005 2771 p.
1029 2727 1272 2760 val—V11.
1322 2726 1396 2758 Cfr.
1421 2725 1527 2757 Suhm
1552 2725 1644 2759 nist.
1669 2726 1708 2758 af
1728 2727 1875 2760 Danmk.
1899 2728 1945 2759 X.
1970 2725 2049 2759 395.

315 2790 461 2841 [1040]
518 2790 671 2830 Jacom
701 2790 986 2843 archiepiscopi
1014 2788 1241 2827 Lundensis
1271 2787 1412 2833 literae,
1441 2786 1587 2839 quibus
1617 2790 1804 2835 testatur,
1834 2802 1879 2828 se
1908 2789 2163 2828 confirmasse
2192 2788 2259 2828 do·
2295 2792 2328 2824 7.
2355 2792 2486 2834 septbr.

57 2861 264 2906 tationem,
307 2860 480 2900 claustro
511 2860 581 2899 Stae
608 2860 742 2900 Mariae
772 2860 1029 2899 Roskildensi
1064 2858 1113 2897 ab
1141 2857 1345 2897 Absalone
1382 2855 1681 2909 archiepiscopo
1719 2857 1924 2897 Lundeusi
1960 2858 2129 2898 oblatam
2168 2859 2261 2907 (vid.

20 2971 21 2974 Ἴ
57 2942 176 2983 supra
205 2943 267 2970 no.
297 2929 419 2981 2860.
449 2953 498 2958 —
529 2930 763 2979 Roskildis,
793 2930 879 2969 Vll.
911 2930 960 2968 id.
992 2927 1250 2982 Septembris.

449 3000 638 3033 'l'borkelin
664 3001 889 3044 Diplomatar.
914 3001 1151 3039 Arna-Magn.
1177 2999 1202 3030 1.
1228 3008 1260 3039 p.
1285 2996 1365 3028 257.

318 3060 475 3110 [1041]
531 3061 676 3102 Literae
705 3061 845 3109 Emci,
873 3061 1073 3100 Danorum
1103 3059 1385 3109 Slavorumque
1414 3057 1542 3108 regis,
1572 3055 1846 3110 Christophori
1877 3059 1965 3107 filii,
2000 3060 2145 3113 quibus
2175 3075 2261 3101 sco·
2297 3066 2329 3097 8.
2370 3065 2483 3098 Octbr.

57 3131 245 3170 tationem
273 3132 580 3183 possessionum
607 3131 848 3184 quarundam
879 3132 916 3171 in
944 3128 1132 3170 Jarnwith
1163 3127 1341 3167 ecclesiae
1370 3125 1413 3166 h.-
1438 3126 1544 3165 Petri
1574 3126 1799 3178 (Slesvic.),
1835 3142 1905 3181 per
1933 3129 2099 3170 Abelem
2129 3145 2259 3184 regem

0 3229 3 3235 >
57 3199 221 3246 saetam,
249 3203 462 3244 confirmat.
491 3224 544 3231 —-
572 3201 775 3250 Restm-h,
807 3201 897 3240 idus
926 3199 1086 3239 Octobr.
1115 3196 1221 3237 VIII.

452 3271 588 3314 Cypraei
612 3270 747 3305 Annall.
775 3270 876 3314 episc.
903 3270 1009 3304 Slesv,
1035 3280 1066 3312 p.
1091 3267 1169 3299 255.
1218 3265 1448 3309 VVestphalen
1473 3267 1622 3299 Monum.
1647 3264 1736 3299 ined.
1760 3269 1822 3302 lv.
1846 3269 1949 3302 3113.

1932 3334 2000 3373 17·
