2649 3686
843 127 1000 176 Koxo
1034 128 1189 177 thm
1226 145 1323 178 nex
1359 128 1543 180 Sronss.
2241 133 2302 181 11

1059 321 1098 351 c.
1168 295 1314 352 1017.

337 395 439 444 [42]
497 395 923 447 AEgteskahscontract
959 400 1116 440 mollem
1147 399 1320 440 Godwin
1358 413 1409 453 og
1437 399 1645 452 Byrhtric,
1690 398 1741 438 da
1785 398 1912 438 denne
1943 399 1993 439 fik
2030 399 2138 440 hiins
2166 400 2308 441 Dattcr

78 466 250 518 tilaegte..
299 464 535 505 contracte„
575 467 686 517 siges
716 471 757 507 at
794 482 894 508 vzrre
925 474 1043 522 opsat
1073 471 1084 510 i
1115 469 1234 523 Kong
1262 469 1407 510 Kxuns
1439 469 1737 516 Overvaerelse,
1774 483 1824 521 og
1861 468 2114 523 Erkebiskop
2150 469 2307 522 Lyving

76 535 164 575 med
194 548 332 588 mange
356 535 448 575 ssere
470 535 742 589 paaheraahes
763 551 853 577 som
874 539 1046 587 Vidner,
1070 539 1208 579 blandt
1231 539 1343 579 disse
1365 539 1462 579 Karl
1486 538 1608 578 cniht.
1626 561 1675 566 —
1698 540 1757 579 Ac
1779 539 2025 592 Kynqstone
2048 539 2168 588 (uden
2193 541 2304 587 Aar).

1144 610 1379 662 (Angelsax.
1410 609 1499 649 med
1531 608 1699 662 engelsk
1727 610 1956 650 interlinear
1985 610 2302 658 Oversaettelse).

468 678 631 709 somners
657 677 817 710 Treatise
842 679 883 712 of
905 678 1119 723 Gavelkiffl,
1144 681 1298 724 Append.
1323 691 1355 725 p.
1385 678 1559 714 196—97.

1110 798 1258 850 1018.

337 893 440 943 [43]
498 893 705 947 Diploma,
746 908 824 948 quo
854 895 1002 936 “CNU'r
1030 897 1249 950 Anglorum
1280 911 1346 938 rex
1375 897 1591 937 venerabili
1621 896 1927 951 archiepiscopo
1957 896 2178 944 AElsstano,
2208 898 2309 950 peti-

77 965 182 1002 tione
211 964 396 1017 conjugis
424 978 471 1004 ac
499 965 642 1016 reginae
668 965 842 1018 AElgyse,
873 966 1072 1020 quoddam
1102 968 1265 1020 sylvulae
1296 981 1436 1007 nemus
1467 990 1516 996 --
1548 969 1704 1020 famosa
1734 969 1772 1007 in
1803 967 1916 1019 sylva
1938 967 2305 1014 Andredesvealde‚

77 1033 184 1085 quod
212 1033 330 1086 vulgo
367 1033 511 1074 dicitur
549 1034 776 1075 Haeselersc
813 1059 863 1065 —
905 1036 1058 1090 absque
1097 1039 1202 1077 omni
1241 1039 1433 1077 servitute
1469 1038 1649 1077 terrena'’
1687 1037 1872 1077 concedit
1910 1041 1950 1076 et
1986 1037 2091 1077 dono
2126 1037 2305 1084 dedicat,

75 1103 324 1151 (terminibus
376 1105 567 1145 saxonico
618 1120 802 1146 sermone
854 1106 1100 1160 descriptis).
1185 1106 1334 1148 Praetcr
1384 1121 1518 1161 regem
1570 1107 1896 1161 subscripserunt
1946 1107 2097 1160 AElgisu
2148 1108 2304 1160 regina,

74 1171 211 1213 Durkil
240 1172 332 1213 dux.

469 1246 673 1280 Thorkelini
694 1246 900 1290 exscriptum
921 1246 956 1280 in
978 1247 1220 1292 diplomatario
1234 1248 1501 1290 Langebekiano
1517 1247 1649 1292 (1035)
1675 1259 1713 1281 ex
1725 1249 1937 1292 autographo
1958 1248 2099 1282 membr.
2118 1248 2174 1282 dni
2192 1247 2306 1290 Astle,

469 1319 525 1341 no.
562 1310 700 1342 XXXI.
759 1311 852 1342 Nota.
875 1308 1014 1352 Livingi
1052 1310 1300 1354 archiepiscopi
1338 1310 1601 1343 Cantuariensis
1638 1311 1679 1343 de
1716 1311 1900 1344 donatione
1938 1312 2046 1345 Cim-rr
2082 1311 2195 1353 regis,
2240 1321 2306 1354 qua

468 1370 724 1414 archiepiscopo
749 1371 791 1403 ad
816 1381 899 1414 opus
925 1371 1079 1404 ecclcsiae
1102 1371 1235 1405 Christi
1258 1372 1392 1405 villam
1417 1371 1553 1405 nomine
1578 1373 1788 1406 Heselearse
1815 1383 1888 1405 cum
1914 1373 2161 1416 pertinentibus
2186 1372 2304 1414 tradit,

467 1432 639 1466 invenitur
671 1432 723 1466 in:
771 1433 963 1466 Evidentiis
1000 1433 1154 1466 ecclesiae
1191 1433 1325 1467 Christi
1363 1433 1628 1467 Cantuariensis
1672 1445 1726 1477 ap.
1763 1435 1951 1479 Twysden,
1995 1434 2129 1468 Histor.
2166 1433 2304 1476 Aug-lic.

467 1494 632 1538 Scriptor.
670 1496 715 1528 ΙΙ.
748 1494 851 1529 2223.
910 1497 1000 1528 Nota
1033 1496 1074 1527 de
1107 1495 1208 1529 Silva
1240 1494 1485 1537 naseleherst,
1530 1496 1572 1529 ab
1605 1496 1720 1529 eodem
1753 1507 1836 1538 rege
1859 1496 2019 1540 Lyvingo
2045 1495 2304 1539 archiepiscopo

472 1557 552 1590 data
577 1557 745 1590 invenitur
771 1557 805 1590 in
830 1559 984 1590 Monast.
1009 1557 1147 1599 Anglic.
1172 1558 1200 1590 Ι.
1225 1557 1282 1590 21.
1309 1560 1342 1589 et
1366 1557 1455 1601 apud
1480 1560 1643 1599 Somner‚
1681 1557 1876 1602 antiquities
1909 1558 1952 1591 of
1978 1558 2197 1601 Canterhury
2230 1556 2304 1601 (ed.

471 1616 572 1661 uda)
597 1620 625 1652 Ι.
651 1620 790 1663 append.
817 1630 849 1662 p.
876 1618 934 1653 39.
956 1638 1005 1644 —
1029 1620 1104 1653 Cfr.
1129 1620 1235 1652 Suhm
1260 1619 1351 1652 nist.
1377 1620 1417 1652 af
1436 1620 1586 1652 Danmk.
1610 1620 1675 1652 111.
1699 1619 1778 1652 504.

339 1681 442 1730 [44]
511 1680 685 1721 Donatio
732 1681 872 1720 CNU'rl
917 1682 1047 1734 regis,
1092 1680 1382 1720 subthronizati
1425 1680 1716 1733 Angligenum,
1760 1684 1929 1734 quatuor
1968 1685 2221 1721 cassatorum
2265 1682 2306 1720 in

76 1752 235 1793 duobus
263 1750 384 1798 locis,
413 1750 480 1790 uhi
510 1749 559 1790 ab
589 1750 732 1790 incolis
761 1750 903 1790 dicitur
931 1751 1188 1792 Landerhtun
1219 1755 1260 1790 et
1288 1750 1508 1799 Tinieltvn,
1539 1750 1696 1790 cuidam
1726 1765 1801 1790 suo
1836 1751 2074 1792 fidelissimo
2109 1753 2304 1805 episcopo

75 1821 327 1868 Bvrhvvold,
370 1824 415 1860 ut
441 1820 588 1860 haheat
617 1820 805 1873 quamdiu
832 1822 975 1860 vixerit
1003 1825 1044 1860 et
1070 1825 1166 1876 post
1195 1821 1346 1860 obitum
1377 1822 1467 1874 ejus
1497 1825 1639 1860 terram
1667 1820 1925 1861 Landerhtun
1955 1822 2206 1861 commendet
2232 1835 2304 1874 pro

77 1895 206 1933 anima
237 1892 328 1945 ejus
357 1894 398 1930 et
425 1891 534 1942 regis
562 1893 703 1929 saneto
732 1889 931 1930 Germano
960 1892 1000 1930 in
1027 1895 1261 1946 perpetuam
1289 1890 1535 1939 libertatem,
1577 1895 1621 1930 et
1654 1895 1698 1930 ut
1734 1891 1783 1931 de
1813 1891 2011 1932 Tinielton
2040 1892 2161 1931 saciat
2199 1890 2306 1944 quod

78 1963 156 2004 sihi
185 1964 317 2002 visum
347 1961 479 2001 fuerit.
1545 1961 1736 2011 (Termini
1766 1961 2043 2001 describuntur
2072 1961 2301 2009 Saxonice).

471 2029 562 2073 Epit.
595 2029 682 2072 apud
715 2029 873 2073 XVanley
905 2029 940 2063 in
965 2030 1070 2064 catal.
1094 2030 1315 2065 Bibliotheeae
1338 2031 1625 2073 Anglosaxonicae
1661 2030 1812 2074 (nick‘es
1845 2032 2015 2064 Thesaur.
2054 2032 2099 2064 11.
2135 2031 2226 2074 282)
2259 2040 2304 2063 ex

474 2091 604 2125 chartis
629 2101 747 2133 regum
766 2092 1046 2134 Anglosaxonum
1068 2092 1103 2126 in
1124 2093 1275 2127 archivis
1297 2092 1453 2126 ecclesiae
1473 2093 1692 2126 Exoniensis.
1741 2093 1817 2127 Cfr.
1842 2094 1948 2126 Suhm
1976 2093 2067 2126 Hist.
2094 2093 2133 2126 af
2154 2092 2303 2126 Danmk.

472 2154 535 2187 111.
561 2153 641 2186 504.

341 2216 432 2269 [45]
489 2215 696 2268 Diploma,
727 2216 765 2254 in
796 2228 873 2267 quo
903 2213 1103 2256 CANUTUS
1131 2218 1385 2269 “imperator,
1415 2230 1438 2255 a
1461 2215 1621 2256 Christo
1645 2229 1736 2268 rege
1760 2225 1895 2269 regum
1918 2217 2122 2269 regiminis
2145 2215 2303 2267 Anglici

79 2292 117 2329 in
156 2288 285 2329 insula
321 2287 524 2341 potitus'’,
567 2285 779 2325 ecclesiam
817 2284 1039 2324 Salvatoris
1076 2286 1116 2324 in
1150 2285 1399 2342 Dorobernia
1436 2287 1610 2326 omnium
1650 2286 1909 2325 ecclesiarum
1946 2288 2055 2338 regni
2091 2285 2305 2336 Angligeni

78 2364 240 2400 matrem
270 2362 310 2399 et
338 2357 537 2397 dominam
558 2356 786 2394 constituit.

470 2425 666 2469 Spelmanni
692 2424 848 2458 Concilia
872 2425 898 2457 Ι.
930 2425 1010 2457 533.
1071 2424 1232 2458 Concilia.
1265 2425 1318 2458 ed.
1344 2426 1455 2459 Coleti
1488 2427 1585 2458 Tom.
1623 2426 1688 2458 xl.
1730 2424 1829 2460 1090.
1889 2424 2012 2457 Alford
2044 2425 2185 2458 annales
2219 2425 2302 2458 ecel.

475 2487 611 2529 Anglic.
647 2489 742 2519 Tom.
779 2488 838 2520 111.
875 2497 906 2529 p.
944 2487 1024 2519 477.
1083 2486 1244 2520 vmlkins
1279 2487 1436 2520 Concilia
1467 2490 1601 2529 Magnae
1635 2485 1817 2520 Britanniae
1850 2487 1888 2518 Τ.
1922 2487 1948 2519 Ι.
1982 2497 2014 2529 p.
2050 2485 2132 2520 296.
2189 2487 2304 2520 Mansi

471 2549 626 2583 collectio
652 2548 869 2581 conciliorum
901 2550 996 2580 Tom.
1023 2549 1119 2580 XIX.
1143 2547 1316 2581 335—36.
1377 2550 1526 2581 Dumont
1549 2549 1658 2591 Corps
1684 2547 1855 2590 diplomat.
1881 2549 1977 2580 Tom.
2001 2548 2029 2581 1.
2053 2559 2086 2591 p.
2112 2548 2169 2582 42.
2227 2550 2304 2583 Cfr.

474 2612 580 2645 Suhm
607 2611 699 2643 Hist.
729 2610 769 2643 af
792 2610 940 2642 Danmk.
966 2610 1029 2642 111.
1056 2609 1205 2641 503—4.

1020 2722 1366 2774 1018-1032.

345 2824 444 2875 [46]
500 2822 620 2876 Kong
648 2823 776 2863 Kxun
807 2822 901 2873 (den
930 2822 1087 2872 Stores)
1116 2821 1421 2873 Vitherlagsret.
2023 2820 2104 2871 (Gl.
2133 2821 2303 2873 Dansk).

475 2894 491 2926 l
509 2894 642 2926 Resens
657 2894 746 2935 Udg.
767 2894 808 2925 af
824 2892 1061 2925 Hirdskraaen
1086 2891 1185 2924 1673.
1202 2891 1233 2924 4.
1287 2891 1474 2933 Langebek
1487 2889 1627 2934 Scriptt.
1649 2891 1708 2924 III.
1727 2889 1920 2923 159—164.
1967 2892 2306 2936 Kolderup-Rosen-

475 2954 575 2996 vinge
595 2955 702 2988 Sami.
725 2956 766 2988 af
785 2955 833 2997 gl.
860 2954 992 2987 danske
1016 2955 1109 2986 Love
1132 2953 1177 2985 V.
1204 2956 1240 2986 S.
1265 2954 1369 2986 2-7.
1417 2953 1490 2986 Paa
1514 2949 1619 2987 Latin
1643 2952 1840 2985 bearbeidet
1866 2952 1906 2984 af
1927 2939 2039 2987 Svehd
2058 2958 2219 2996 Aagesen
2239 2954 2304 2987 hos

478 3015 666 3058 Langebek
680 3027 712 3050 a.
726 3020 777 3050 st.
792 3020 827 3050 S.
844 3015 1035 3051 141—159.
1072 3013 1490 3058 Koldernp-Rosenvinge
1512 3025 1544 3048 a.
1564 3016 1616 3047 st.
1637 3015 1674 3047 S.
1695 3013 1823 3046 8-22,
1877 3015 1947 3049 Jfr.
1969 3016 2075 3050 Suhm
2097 3016 2158 3049 111.
2179 3016 2248 3048 708
2266 3016 2305 3049 ff.

1121 3127 1267 3180 1019.

351 3228 448 3276 [47.]
506 3228 798 3282 “Singrapha‘',
828 3243 905 3283 qua
934 3229 1113 3269 “Oxum
1141 3242 1208 3267 rex
1233 3226 1448 3279 Anglorum
1470 3229 1777 3278 caeterarumque
1800 3230 1974 3280 gentium
2004 3229 2304 3281 persistentium

84 3300 123 3337 in
152 3299 363 3346 circuitu”,
406 3299 489 3345 vel,
531 3303 575 3339 ut
604 3299 681 3340 alio
713 3299 800 3340 loco
847 3299 1008 3341 dicitur:
1067 3298 1169 3339 “deo
1208 3297 1364 3336 favente
1403 3298 1527 3337 totius
1563 3295 1749 3336 Albionis
1782 3298 2082 3351 primicerius'',
2125 3298 2308 3337 ecclesiae

2001 3372 2046 3410 2*

2381 305 2493 344 1017.

2381 805 2498 844 1018.

2337 2751 2565 2791 1018—32.

2379 3153 2498 3192 1019.
