2649 3686
707 150 861 200 Koxe
896 151 1189 202 VALDEMAR
1225 169 1322 203 Dl-:x
1356 151 1559 201 Aanx.
2156 158 2250 207 101

290 320 410 372 [746]
468 319 689 362 Gneoonn
721 321 849 374 (IX-¹³)
879 339 990 378 papae
1020 325 1071 365 ad
1100 325 1443 379 archiepiscopum
1473 324 1730 365 Lundensem
1760 326 1896 373 literae,
1927 325 1976 365 de
2006 326 2250 368 ordinatione
2323 331 2438 370 12:32.

31 391 351 446 presbyterorum
381 394 422 431 et
451 390 706 432 diaconorum
735 407 806 446 per
834 408 1020 435 manuum
1060 397 1376 450 impositionem,
1419 399 1460 435 et
1496 395 1546 435 de
1582 395 1701 434 modo
1739 396 1974 449 suppiondi,
2012 398 2046 436 si
2079 397 2174 451 quid
2212 400 2249 437 in
2285 398 2319 431 9-
2356 401 2473 433 Decbr·

31 463 104 502 hac
132 475 174 501 re
202 462 512 514 praetermissum
545 461 704 501 suisset.
736 485 785 491 —
817 466 1036 518 Αηαφιίιε,
1066 466 1115 505 V.
1147 466 1237 506 idus
1265 465 1474 506 Dccembr.
1503 465 1644 519 pontif.
1674 479 1775 505 anno
1805 465 1878 505 Vl.

422 531 600 573 Liljegren
627 531 855 574 Diplomatar.
882 538 1078 570 Svecan.1.
1104 547 1159 569 no,
1185 536 1264 569 279.
1292 547 1322 580 p.
1349 536 1429 569 275.
1475 527 1478 535 ’

293 592 412 644 [747.]
469 593 589 646 Kong
618 592 837 635 Hammon
866 596 978 645 (Erik
1009 598 1298 651 Plovpcnning)
1328 598 1372 637 as
1396 597 1620 637 Danmarks
1641 597 1780 650 Besky
1771 597 2026 637 rttelsesbrev
2052 598 2110 637 sor
2135 598 2256 638 Ciiins

29 663 226 715 Borgere,
265 662 442 703 hvorved
480 663 593 703 disse
632 664 790 717 tilsiges
818 666 895 719 lige
924 666 1223 721 Beskjermelse
1258 668 1349 708 med
1377 668 1495 721 Kong
1482 682 1570 708 ens
1599 682 1699 721 egne
1728 668 2027 708 Undersaattcr.
2070 691 2122 697 —
2167 669 2257 708 nrt.

31 747 130 774 anno
162 733 2256 792 1221.(÷·1‘11tt3dsk).

423 803 602 837 Sar-torius
630 804 757 838 Gesch.
783 806 843 839 der·
867 809 986 841 Hense
1013 810 1065 842 cd.
1090 808 1264 853 Lappenb.
1290 809 1333 842 11.
1359 820 1414 842 no.
1440 810 1518 843 ΧΠ.
1546 821 1578 853 p.
1604 810 1660 843 43.
1720 811 1781 842 11ae
1815 809 1944 852 literae,
1981 812 2018 842 ut
2047 820 2134 842 anno
2171 810 2258 842 12:32

423 866 510 899 datae
536 866 624 910 sint,
663 878 805 901 necesse
830 872 894 902 est.
954 872 1070 914 Neque
1102 871 1189 904 enim
1217 874 1295 904 ante
1322 871 1409 904 hunc
1434 882 1567 904 annum
1602 872 1688 904 datae
1713 882 1792 904 esse
1829 874 1992 914 possunt,
2033 882 2106 904 cum
2133 872 2256 905 Ericus

424 928 498 972 ipso
531 929 595 962 hoc
633 940 720 962 anno
753 941 813 964 rex
847 931 958 964 factus
991 932 1038 965 sit
1070 932 1158 976 (vid.
1185 933 1290 966 Suhm
1315 933 1407 966 nist.
1433 934 1473 966 af
1496 934 1643 966 Danmk.
1676 919 1741 967 IX.
1773 933 1885 977 618);
1922 944 2028 977 neque
2059 937 2135 977 post
2169 934 2258 967 hune

421 1001 565 1034 annum,
604 990 684 1035 quia.
717 991 750 1024 in
783 992 894 1026 liter-is
929 994 1030 1034 huJus
1064 995 1163 1037 anni,
1201 1005 1283 1038 quas
1319 995 1407 1028 idem
1440 994 1564 1028 Ericus
1596 995 1727 1029 civibus
1757 995 2017 1029 Susatiensibus
2052 995 2143 1028 dedit
2168 995 2256 1039 (vid.

421 1052 515 1086 infra,
540 1063 595 1085 no.
621 1052 733 1096 748),
760 1064 875 1087 earum
895 1057 970 1096 jam
999 1056 1124 1088 mentio
1151 1057 1243 1090 facta
1268 1060 1333 1089 est.

290 1113 410 1165 [748]
467 1114 595 1153 Emer
629 1114 935 1169 (Plovpenning)
965 1117 1100 1157 Danioe
1130 1120 1236 1170 regis
1265 1119 1538 1172 privilegium,
1575 1132 1653 1172 quo
1684 1120 1794 1159 cives
1819 1119 2084 1159 Susatienses
2113 1133 2136 1158 a
2163 1121 2255 1172 jure

29 1185 221 1237 naufragii
263 1198 335 1238 per
379 1198 636 1238 quascunque
680 1187 790 1238 regni
826 1186 963 1226 Daniae
1005 1193 1141 1241 partes
1177 1190 1419 1236 eximuntur3
1457 1189 1528 1241 jus
1570 1193 1760 1242 practerea
1802 1189 2090 1230 haereditarium
2135 1194 2175 1230 et
2218 1192 2255 1229 in

28 1257 256 1296 universum
286 1254 425 1295 eadem
455 1255 685 1309 privilegia,
717 1270 801 1309 quae
831 1256 1140 1298 coloniensibus
1170 1259 1261 1297 (lata
1291 1262 1424 1305 erant,
1451 1259 1730 1298 conceduntur.

423 1326 608 1358 Haeberlin
640 1325 806 1359 Analecta
837 1326 922 1359 med.
957 1327 1015 1360 aevi
1047 1340 1077 1371 p.
1111 1329 1281 1362 226—28.
1342 1328 1530 1361 Thorkelin
1566 1329 1792 1373 Diplomatar.
1831 1331 2071 1373 Arna-Magn.
2108 1332 2135 1364 1.
2174 1330 2252 1364 299.

419 1387 512 1432 Epit.
538 1398 591 1431 ap.
617 1387 830 1431 Sartorium,
868 1389 996 1424 Gesch.
1023 1390 1083 1423 der
1107 1393 1222 1423 Hanse
1248 1391 1298 1424 ed.
1324 1392 1498 1434 Lappenb.
1524 1391 1569 1424 11.
1594 1402 1650 1424 no.
1676 1393 1756 1425 XII.
1783 1403 1815 1435 p.
1843 1392 1900 1425 43.

277 1449 410 1501 ‘[749.]
467 1449 633 1498 Literae,
678 1449 824 1504 quibus
866 1451 1112 1499 Jonas-Nes,
1155 1452 1345 1492 Ennoms
1392 1465 1557 1500 prmus,
1609 1455 1715 1506 regis
1752 1453 1953 1494 Danorum
1995 1454 2254 1502 marscalcus,

10 1524 161 1564 ,notum
192 1520 377 1560 omnibus
408 1520 525 1567 facit,
556 1533 602 1559 se
632 1521 837 1560 canonicis
867 1522 905 1560 in
934 1520 1149 1561 Ebbleholt
1177 1524 1424 1562 mansionem
1456 1523 1493 1562 in
1522 1522 1728 1578 Kirkaerop
1758 1525 1998 1564 scotavisse.

422 1590 613 1633 Langebek
639 1590 781 1635 scr-iptt.
806 1591 869 1623 Vl.
898 1591 1064 1625 153—54.

1066 1690 1211 1740 1233
2325 1704 2444 1745 1233.

286 1771 406 1824 [750]
465 1771 689 1811 Gaaconu
721 1771 851 1824 (lX¹¹¹')
880 1786 992 1827 papae
1022 1773 1073 1812 ad
1101 1773 1444 1826 archiepiscopum
1467 1772 1725 1814 Lundensem
1755 1775 1939 1828 epistola,
1970 1775 2019 1815 de
2049 1774 2250 1829 stipendio
2298 1773 2329 1805 4-
2365 1773 2462 1807 Juli?

28 1844 65 1882 in
95 1845 429 1883 sustentationem
460 1844 593 1883 clerici
624 1843 854 1897 cujusdam,
899 1845 965 1897 qui
1001 1848 1162 1897 propter
1191 1844 1338 1883 caedcm
1369 1844 1467 1883 turis
1503 1844 1715 1897 cujusdam
1745 1846 1783 1884 in
1815 1845 1950 1885 ordine
1979 1859 2137 1886 manere
2174 1860 2249 1884 non

25 1915 166 1967 potuit.
195 1937 249 1942 —
278 1914 510 1963 Laterani,
542 1913 610 1953 IV.
642 1928 732 1953 non.
761 1911 882 1962 Julii,
911 1915 1050 1967 pontif.
1081 1928 1182 1954 anno
1212 1913 1302 1953 Vll.

423 1985 600 2026 Liijegren
629 1984 856 2027 Diplomatar.
883 1988 1028 2018 Svecan.
1055 1985 1082 2018 1.
1109 1996 1163 2017 no.
1189 1984 1268 2017 280.
1294 1995 1326 2027 p.
1353 1982 1525 2016 275—76.

287 2046 407 2098 [7512]
464 2047 610 2086 Literae
647 2046 925 2086 W'Aanmnr
963 2048 1067 2098 regis
1103 2046 1151 2085 de
1187 2046 1477 2085 consuetudine
1515 2045 1684 2098 quadam
1720 2047 1824 2086 circa
1856 2048 2177 2100 jurisdictionem
2209 2050 2247 2088 in
2293 2060 2327 2093 6,
2354 2060 2471 2095 octbr,

25 2116 150 2163 villis,
181 2130 266 2170 quae
282 2117 451 2170 Huseby
476 2116 720 2164 dicebantur,
751 2116 960 2156 observata
985 2118 1084 2156 inter
1107 2130 1239 2169 regem
1256 2120 1296 2155 et
1311 2115 1523 2155 ecclesiam
1539 2116 1774 2169 Ripensem.
1800 2139 1849 2145 —
1888 2117 2249 2173 lVortlu‘nqburqle,

25 2186 151 2239 pridie
181 2201 271 2227 non.
302 2188 440 2228 Octhr.

276 2262 279 2266 “
418 2259 525 2292 Suhm
549 2257 644 2291 nist.
669 2258 710 2290 af
730 2257 878 2290 Danmk.
903 2258 964 2291 lx.
990 2256 1070 2289 769.

287 2321 417 2370 [752]
473 2320 619 2360 Literae
650 2319 849 2359 GUNNssm
879 2319 1059 2372 episcopi
1089 2318 1285 2370 Ripensis
1323 2317 1372 2357 de
1409 2318 1683 2364 conventione,
1722 2316 1826 2356 sacta
1855 2318 1955 2357 inter
1982 2319 2246 2372 parochianos
2271 2324 2328 2359 30.
2362 2326 2485 2360 Nox-br.

2 2390 74 2429 ‘de
104 2389 270 2431 Tundaer
299 2395 340 2431 et
369 2390 418 2430 de
447 2389 690 2443 Andaessyth,
721 2389 770 2429 de
800 2390 998 2435 servitiis,
1029 2402 1113 2440 quae
1144 2386 1335 2426 debentur
1363 2388 1480 2426 curiae
1510 2386 1742 2439 episcopali.
1770 2410 1824 2416 —
1854 2387 1904 2427 ll.
1934 2389 2007 2428 cal.
2036 2389 2179 2428 Decbr.

420 2460 529 2495 Suhm
554 2460 645 2494 nist.
672 2461 715 2494 af
734 2461 885 2494 Danmk.
913 2460 975 2492 lx.
1002 2458 1174 2491 769—70.

1062 2561 1206 2610 1234.
2320 2586 2437 2626 1234.

286 2647 417 2696 [753]
473 2647 749 2687 XVAanmm
788 2648 894 2699 regis
924 2646 1065 2691 literae,
1105 2643 1250 2697 quibus
1280 2643 1486 2682 monachis
1523 2642 1573 2681 de
1603 2641 1703 2681 Sora
1734 2642 1917 2681 concedit
1944 2642 2166 2683 libertatem
2195 2644 2245 2684 ab
2282 2655 2339 2688 24.
2373 2651 2473 2695 Maji.

26 2719 129 2757 omni
159 2720 384 2770 gravamine
414 2722 532 2772 atque
558 2720 651 2773 jure
680 2719 789 2770 regio
819 2719 857 2755 in
888 2715 1069 2769 praediis,
1113 2727 1183 2766 pro
1213 2713 1547 2766 possessionibus
1577 2713 1807 2751 monasterii
1846 2713 1884 2751 in
1914 2712 2181 2766 Snerthinghe
2211 2718 2251 2754 et

25 2785 56 2825 C
83 2789 228 2827 marcis
257 2790 421 2841 argenti.
451 2811 502 2817 —
531 2788 809 2830 Blosuetsmzd
835 2790 946 2836 (rect.
975 2784 1286 2831 Masnetsund),
1316 2782 1386 2821 lX.
1416 2783 1489 2822 cal.
1518 2782 1641 2821 Junii.

417 2859 606 2892 Thorkelin
631 2858 860 2902 Diplomatar.
886 2857 1123 2895 Arna-Magn.
1150 2854 1177 2886 Ι.
1212 2852 1288 2885 117.

287 2920 406 2971 [754]
466 2920 726 2960 Gru-:eonius
757 2919 909 2968 (IXWS)
937 2917 1171 2971 praeposito,
1201 2914 1352 2953 decano
1383 2917 1423 2952 et
1452 2914 1602 2952 cantori
1620 2912 1958 2953 'Halberstadensi
1987 2914 2169 2962 mandat,
2199 2920 2242 2955 ut
2265 2923 2321 2955 30.
2348 2925 2505 2966 Augusti.

23 3001 153 3041 regem
181 2990 300 3029 Datie
343 2995 532 3030 moneant
575 2994 616 3030 et
658 2991 873 3037 efficaciter
917 2987 1124 3032 inducant,
1167 2987 1211 3022 ut
1248 2983 1525 3022 Lubecensem
1562 2987 1719 3036 portum
1755 2985 1898 3036 aperiri
1938 2988 1979 3024 et
2016 2987 2247 3038 peregrinos

24 3057 144 3100 iibere
173 3062 415 3113 pertransire
444 3061 660 3114 permittat.
688 3083 742 3089 —
773 3059 961 3112 Spoleti,
993 3055 1060 3096 111.
1090 3055 1163 3094 cal.
1194 3053 1417 3105 Septembr.
1446 3053 1585 3106 pontif.
1616 3067 1716 3092 anno
1747 3059 1901 3094 octavo.

414 3131 604 3163 Michelsen
639 3127 966 3163 Urkundensamml.
1004 3127 1032 3159 1.
1069 3135 1100 3168 p.
1133 3124 1282 3156 37-38.
1343 3124 1421 3157 Cfr.
1453 3122 1621 3168 Raynaldi
1647 3123 1782 3157 Contin.
1807 3126 1931 3158 Baron.
1964 3125 2006 3158 ad
2041 3136 2118 3160 ann.
2149 3126 2246 3160 1234.

416 3193 548 3225 XLV1.
575 3194 670 3224 Tom.
696 3192 741 3224 11.
768 3202 800 3234 p.
829 3189 905 3222 11-1.

0 3263 15 3282 '
285 3264 406 3316 [755.]
464 3263 649 3318 Epistola
681 3264 894 3304 Gnsseouu
921 3257 1049 3311 (lxni)
1079 3271 1188 3312 papae
1218 3256 1269 3296 ad
1296 3270 1428 3309 regem
1452 3257 1682 3310 Nor-vegiae‚
1712 3259 1751 3297 in
1781 3272 1860 3312 qua
1888 3263 2001 3312 rogat
2028 3263 2069 3299 et
2096 3265 2242 3306 monet,
2287 3269 2320 3301 5.
2347 3268 2463 3302 Octbr.

22 3334 65 3370 ut
93 3333 285 3386 episcopo
318 3334 551 3374 Hamarensi
583 3335 631 3374 de
662 3334 818 3374 damnis
849 3336 889 3372 et
915 3331 1072 3384 injuriis
1102 3327 1276 3368 debitam
1306 3327 1624 3368 satisfactionem
1653 3328 1868 3379 concedat3
1911 3330 2086 3383 alioquin
2123 3331 2246 3371 mina·
