2649 3686
0 175 1 184 ,
944 139 1316 190 Ixrennssoxum.
2136 147 2231 196 259

0 222 2 230 ,
35 218 2228 240 ᾷ--ῄ-Ἦ-ῄ--Ὰ

294 305 444 357 [2160.]
503 307 739 348 ΒΒΝΒυιοτι
783 308 936 364 (xum)
981 326 1092 366 papae
1128 313 1178 353 ad
1215 313 1552 367 archiepiscopum
1589 312 1889 352 Nidrosiensem
1929 313 2065 359 literae,
2108 319 2150 354 ut
2179 317 2231 355 in·
2305 318 2419 358 1338.

29 377 158 431 jurias
200 375 389 415 fratribus
433 377 581 416 ordinis
611 378 804 418 Minorum
848 382 883 419 in
926 384 1120 434 provincia
1151 383 1282 423 Daciae
1325 384 1451 422 illatas
1489 383 1669 436 repellat,
1713 383 1885 435 inprimis
1923 386 2233 435 persecutionem
2267 388 2295 419 l·
2321 389 2451 432 septbr.

34 446 140 486 Petri
169 444 457 499 archiepiscopi
489 446 738 499 Upsaliensis
768 456 805 488 et
834 454 1106 491 canonicorum
1138 453 1318 506 ejusdem
1347 453 1544 497 ecclesiae,
1583 452 1631 492 de
1661 466 1737 505 qua
1767 452 1946 492 Minister
1983 455 2230 505 provincialis

33 520 72 556 et
99 515 237 555 fratres
267 515 416 555 ordinis
447 516 641 557 Minorum
670 519 876 571 provincia:
908 520 1038 561 Daciae
1068 524 1198 575 questi
1229 524 1392 563 fuerant.
1431 545 1481 551 —
1519 524 1743 571 Aviuimw,
1788 522 1936 562 calend.
1968 523 2230 576 Septembris,

31 585 280 639 pontificatus
308 598 409 626 anno
440 585 508 625 IV.

424 656 607 699 Wadding
630 660 718 691 Ann.
743 658 868 692 Minor.
894 662 989 694 Tom.
1015 662 1094 694 VII.
1121 673 1151 705 p.
1176 662 1347 696 482—83.

293 727 418 781 [⁶261]
476 729 617 769 Literae
646 732 916 772 VVAanuur
948 733 1063 773 ducis
1091 735 1229 780 Jutiae,
1274 735 1421 788 quibus
1457 734 1675 788 praebendae
1712 735 1865 775 cuidam
1896 735 2073 775 ecclesiae
2103 734 2231 774 cathe-
2263 742 2296 774 9.
2329 744 2457 786 Septbr.

31 799 150 840 dralis
181 799 448 839 Slesvicensis
477 801 685 839 ecclesiam
715 801 750 840 b.
782 802 914 841 Mariae
946 804 1106 854 virginis
1136 806 1171 843 in
1202 805 1373 858 Slodorp
1403 805 1479 855 (vel
1509 806 1682 859 Sodorp)
1711 807 1892 846 annectit.
1921 827 1973 835 —
2007 805 2231 858 Gottorpe,

31 873 67 910 in
96 870 267 910 crastino
297 870 511 909 nativitatis
542 869 580 909 b.
611 870 742 910 Mariae
773 873 952 923 gloriosae
982 874 1156 924 virginis.

421 939 557 982 Cypraei
580 941 716 974 Annali.
742 942 928 985 episcopor.
960 943 1168 976 Slesvicens.
1201 954 1232 987 p.
1264 943 1436 977 325-26.
1494 945 1721 988 Westphalen
1745 947 1896 978 Monam.
1922 945 2008 979 ined.
2034 946 2096 978 lv.
2127 945 2229 977 3117.

420 1001 523 1034 3183.
548 1012 604 1034 no.
633 1002 685 1035 16.
733 1004 964 1047 Pontoppidan
989 1005 1127 1037 Annall.
1154 1006 1275 1038 eccles.
1305 1007 1390 1038 Dan.
1416 1006 1459 1038 II.
1489 1005 1563 1039 154.

289 1062 440 1113 [2162]
499 1062 636 1102 Pss'rm
676 1063 943 1104 Pfxrnssnson
982 1066 1119 1112 literae,
1163 1066 1309 1119 quibus
1345 1066 1475 1106 abbati
1512 1071 1551 1106 et
1587 1069 1795 1108 conventui
1831 1067 1956 1108 beatae
1994 1068 2154 1120 virginis
2192 1068 2229 1106 in
2253 1074 2308 1108 22.
2335 1075 2466 1118 septbr.

30 1133 192 1178 Esrom,
221 1147 244 1173 a
273 1131 418 1185 quibus
450 1133 726 1172 fraternitatem
758 1140 970 1186 receperat,
1001 1135 1101 1174 duas
1124 1136 1307 1176 tabernas
1337 1136 1615 1190 Helsingburgi
1645 1140 1746 1178 sitas
1775 1139 1923 1178 confert
1951 1143 1990 1178 et
2019 1138 2148 1178 donat.
2177 1159 2230 1167 —-

29 1203 104 1244 Die
131 1202 336 1243 beatorum
365 1202 547 1242 Mauricii
577 1207 615 1242 et
643 1204 836 1243 sociorum
867 1207 955 1258 ejus
981 1210 1205 1257 martyrum.

418 1273 604 1315 Langebek
630 1273 769 1317 Scriptt.
794 1275 855 1307 lx.
949 1299 958 1307 .
1005 1276 1088 1309 Cod.
1114 1276 1248 1308 Esrom.
1270 1276 1331 1309 fol.
1358 1277 1513 1310 CXCIX.

290 1334 441 1386 [2163]
502 1335 690 1374 Axnnnffi:
722 1334 876 1375 abbatis
906 1336 1187 1376 Herivadensis
1217 1338 1501 1384 testimonium,
1538 1338 1642 1392 quod
1679 1340 1716 1378 in
1746 1339 1889 1391 placito
1919 1339 2016 1378 villae
2046 1338 2227 1391 Helsing·
2252 1345 2307 1378 29.
2333 1347 2463 1389 septbr.

28 1404 173 1458 burgh,
202 1418 303 1445 anno
334 1405 481 1444 domini
509 1404 1036 1451 M0.CCC0.XXX0.v111⁰‚
1063 1407 1163 1446 circa
1193 1409 1501 1460 assumptionem
1530 1407 1652 1447 beatae
1691 1409 1869 1460 virginis,
1912 1423 2087 1462 praesens
2118 1409 2230 1448 fuerit

27 1480 66 1515 et
103 1477 233 1516 sinum
273 1474 417 1514 domini
452 1474 646 1514 Johannis
689 1474 845 1514 abbatis
883 1477 918 1514 in
948 1475 1111 1521 Esrom,
1155 1478 1411 1516 scotationem
1455 1478 1698 1530 recipientis,
1741 1479 1999 1531 personaliter
2041 1479 2228 1524 tenuerit,

28 1546 211 1599 “quando
241 1547 299 1585 vir
328 1546 525 1585 discretus
554 1545 697 1585 Petrus
728 1544 958 1584 Paethersein
989 1547 1224 1585 monasterio
1255 1548 1290 1585 in
1320 1547 1463 1586 Esrom
1494 1547 1594 1587 duas
1624 1548 1811 1588 tabernas
1839 1562 1937 1588 suas
1966 1578 2003 1587 ..
2021 1578 2029 1587 .
2066 1549 2230 1587 contulit

27 1621 67 1656 et
94 1617 299 1657 scotavit'’.
329 1638 378 1646 —
410 1614 735 1668 Hekinqburylz,
767 1615 827 1654 die
857 1615 959 1654 beati
988 1615 1208 1655 Michaelis.

418 1686 650 1729 Pontoppidan
675 1688 763 1718 Ann.
790 1684 872 1717 eccl.
897 1686 984 1717 Dan.
1010 1686 1052 1718 11.
1083 1685 1156 1717 153.
1203 1686 1389 1727 Langebek
1415 1686 1552 1728 Scriptt.
1578 1687 1638 1720 lx.
1704 1712 1712 1721 .
1750 1688 1834 1720 Cod.
1858 1689 1937 1720 Esr.
1964 1688 2023 1720 t'ol.
2050 1685 2228 1720 Cxclxb.

289 1748 442 1800 [2164]
501 1747 635 1787 Parni
670 1746 954 1799 archiepiscopi
984 1746 1209 1786 Lundensis
1239 1748 1475 1786 confirmatio
1515 1748 1710 1788 literarum
1740 1749 1846 1788 Petri
1875 1751 2051 1802 episcopi
2082 1748 2223 1788 Ottho·
2257 1757 2288 1788 4.
2314 1756 2451 1789 Octobr.

29 1820 202 1867 niensis,
231 1832 352 1872 supra
382 1817 458 1858 sub
488 1832 549 1857 no.
581 1817 698 1856 2219.
730 1817 943 1856 allatarum.
972 1837 1026 1844 —-
1059 1817 1238 1865 Lnnde's,
1270 1820 1410 1856 octavo
1446 1818 1508 1857 die
1540 1818 1693 1858 Cosmae
1723 1823 1761 1858 et
1790 1819 1971 1858 Damiani
2005 1823 2228 1871 martyrum.

418 1888 526 1921 Suhm
550 1887 640 1920 nist.
667 1887 708 1920 af
726 1888 873 1919 Danmk.
898 1888 976 1919 XII.
1000 1885 1170 1918 398—99.

289 1949 444 2001 [2165]
502 1948 675 1993 Mmm,
720 1949 930 1994 Swechiae,
974 1947 1127 1987 Skaniae
1156 1951 1193 1986 et
1221 1946 1439 1999 Norwegiae
1468 1950 1573 2000 regis
1603 1949 1791 2003 diploma,
1835 1964 1912 2003 quo
1957 1949 2162 2002 “hospites
2191 1951 2227 1988 in
2257 1956 2306 1988 15.
2341 1956 2460 1989 Nos-br.

27 2019 280 2073 Malmtighen
317 2034 364 2059 ex
402 2019 540 2059 alienis
575 2018 755 2072 partibus
791 2032 878 2057 cum
915 2018 1174 2056 mercimoniis
1213 2019 1300 2057 suis
1336 2018 1616 2058 adventantes''
1651 2034 1672 2059 a
1708 2019 1915 2059 theoloneo
1957 2018 2147 2059 solvendo
2190 2019 2227 2058 in

27 2095 231 2144 posterum
261 2089 486 2130 liberantur.
516 2112 570 2118 —
599 2088 922 2141 Helsinyborqh,
955 2088 1096 2126 domin.
1128 2087 1224 2126 infra
1255 2091 1429 2126 octavam
1459 2088 1495 2127 b.
1525 2088 1682 2127 Martini
1711 2090 1898 2142 episcopi.

420 2158 597 2192 Sartorius
624 2159 748 2192 Gesch.
775 2159 805 2191 d.
832 2161 944 2190 Hanse
969 2158 1019 2190 ed.
1043 2157 1212 2200 Lappenb.
1239 2158 1283 2189 11.
1309 2168 1362 2190 no.
1388 2158 1545 2191 CXLVI.
1570 2170 1601 2202 p.
1626 2159 1796 2191 356-57.

287 2232 441 2285 [2166.]
499 2232 793 2279 WVALDEMAm,
822 2232 934 2271 ducis
963 2229 1104 2276 Juciae,
1135 2230 1377 2277 mandatum,
1408 2244 1486 2284 quo
1516 2231 1665 2272 civibus
1704 2232 1740 2270 in
1773 2231 1954 2283 Sleswyc
1991 2229 2226 2283 obsequium

27 2306 64 2343 in
95 2303 285 2344 consules
315 2304 543 2356 injungitur.

419 2373 532 2405 Noodt
555 2375 726 2417 Beytrage
749 2373 775 2405 1.
802 2382 832 2414 p.
864 2370 939 2404 175.

1055 2499 1198 2549 1339.
2298 2520 2415 2560 1339.

288 2608 441 2660 [2162]
499 2608 733 2648 ΒΕΝῐ-τυιοτι
765 2603 911 2657 (xum)
942 2618 1051 2658 papae
1074 2605 1122 2643 ad
1145 2604 1332 2656 Magnum
1358 2604 1521 2650 Sveciae,
1552 2602 1769 2643 Gothorum
1794 2606 1832 2642 et
1854 2602 2058 2656 Norvegiae
2080 2617 2223 2656 regem,
2249 2611 2304 2644 23.
2330 2613 2472 2644 Januar.

28 2680 169 2726 literae,
198 2677 265 2717 ubi
296 2679 596 2732 acquisitionem
628 2677 779 2716 Scaniae
810 2679 847 2714 et
883 2675 1040 2713 aliarum
1071 2675 1374 2726 provinciarum,
1418 2687 1518 2726 quas
1558 2673 1727 2712 sortasse
1771 2672 1846 2711 “de
1882 2673 2062 2712 manibus
2097 2678 2226 2725 tyran·

28 2749 188 2789 norum’'
217 2749 326 2801 regni
356 2748 493 2787 Daniae
524 2761 716 2800 occupare
745 2746 896 2799 possit,
939 2744 1161 2782 confirmare
1191 2748 1368 2789 recusat,
1412 2743 1546 2781 dicens
1583 2742 1659 2782 hoc
1694 2744 1730 2781 in
1768 2742 1934 2782 ecclesia
1962 2743 2140 2783 Romana
2171 2744 2225 2782 in·

29 2819 186 2859 solitum
215 2833 309 2859 esse
340 2818 468 2871 quoad
500 2817 600 2856 bona
629 2816 871 2869 temporalia,
901 2815 1002 2853 “nisi
1032 2814 1160 2852 citatis
1190 2812 1384 2859 omnibus,
1415 2814 1481 2864 qui
1511 2812 1665 2851 suerunt
1694 2813 2225 2861 evocandi''.—Auenion.,

27 2887 78 2928 X.
108 2889 256 2929 calend.
285 2888 505 2934 Februarii,
534 2887 672 2940 pontif.
702 2900 801 2925 anno
832 2885 978 2937 quinto.

416 2956 588 3001 Raynaldi
621 2956 754 2989 Contin.
779 2957 903 2987 Baron.
937 2953 977 2984 ad
1002 2962 1078 2984 ann.
1108 2951 1204 2984 1339.
1238 2952 1516 2984 LXXXIV—V.
1542 2953 1636 2984 Tom.
1661 2952 1722 2984 VI.
1755 2961 1786 2994 p.
1824 2950 1900 2984 198.
1956 2951 2117 2985 Vastovii
2142 2951 2224 2985 vitis

417 3018 591 3063 aquilonia
615 3017 754 3061 (Colon.
779 3019 863 3057 Agr.
892 3014 988 3046 1623.
1013 3012 1109 3056 Ful.)
1134 3024 1165 3056 p.
1194 3011 1361 3045 196—97.

289 3092 436 3143 [2168]
493 3062 759 3130 womffium
798 3087 909 3126 ducis
944 3086 1058 3125 Jutiae
1098 3085 1215 3124 literae
1251 3084 1300 3124 de
1330 3085 1612 3138 compositione
1647 3085 1745 3124 inter
1780 3085 1910 3138 ipsum
1939 3090 1977 3125 et
2008 3085 2223 3127 Gerardum
2271 3091 2303 3124 2.
2338 3092 2437 3124 Febr.

27 3162 207 3202 comitem
235 3161 450 3202 Holtzaeiae
480 3165 519 3200 et
549 3160 768 3199 Stormariae
798 3158 912 3196 facta.
941 3177 1000 3195 -κ
1025 3154 1268 3204 Slesewicle,
1298 3154 1361 3194 die
1390 3155 1669 3208 purificationis
1698 3153 1821 3194 beatae
1850 3155 2022 3207 virginis.

418 3231 522 3264 Suhm
548 3230 639 3263 nist.
664 3229 703 3262 af
723 3227 867 3261 Danmk.
892 3225 971 3259 XII.
997 3223 1165 3257 410—16.

1882 3288 1957 3329 33*
