2649 3686
673 120 831 170 KoxG
864 123 1018 173 me)
1058 124 1217 190 (Vl.)
1256 124 1655 174 VALDEMARSEN.
2214 131 2279 180 67

320 290 449 340 [437]
507 291 653 331 Literae
684 292 901 342 Amnum,
938 297 1161 337 cancellarii
1192 299 1299 351 regis
1327 298 1553 345 Danorum,
1602 298 1653 337 ad
1690 298 1747 338 M.
1785 298 1994 338 Meliorem
2032 300 2282 348 cardinalem,
2358 300 2473 341 1195.

18 371 26 375 ’
61 362 109 402 de
137 361 364 402 detentione
394 363 524 415 ipsius
554 361 722 402 Andreae
753 365 1033 418 sociorumque
1063 369 1155 421 ejus
1184 382 1255 421 per
1283 367 1424 407 ducem
1453 360 1705 420 Burgundiae.
1734 391 1787 398 —
1817 370 1915 408 Sine
1944 383 2060 408 anno.

453 432 640 473 Langebek
665 432 804 476 Scriptt.
829 436 890 467 VI.
914 435 1064 469 69—70.
1113 438 1188 471 Cfr.
1214 437 1318 471 sulum
1344 437 1434 471 nist.
1460 438 1503 470 af
1522 439 1671 471 Danmk.
1696 439 1791 472 VIII.
1817 439 1897 472 352.

322 492 441 544 [438]
498 493 644 533 Literae
686 495 902 543 Annam,
952 498 1174 538 cancellarii
1213 501 1320 551 regis
1360 499 1583 547 Danorum,
1626 499 1677 538 ad
1718 499 1989 548 Absalonem,
2027 500 2283 540 Lundensem

61 563 426 617 archiepiscopum,
462 563 512 602 (le
543 564 615 610 iis,
660 578 745 617 quae
776 566 831 604 illi
862 569 1066 621 sociisque
1096 570 1342 622 contigerant
1372 571 1409 609 in
1441 570 1580 609 itinere
1609 569 1817 617 Romano,
1859 570 1908 610 dc
1947 572 2106 623 negotio
2140 573 2284 622 regina:

63 632 321 681 Francorum,
348 647 382 673 c.
412 633 466 687 pl.
493 655 542 661 —
576 634 672 673 Sine
702 648 817 674 anno.

450 704 636 744 Langehek
661 705 800 748 Scriptt.
823 706 886 739 Vl.
912 706 1061 740 59—60.
1109 708 1183 742 Cfr.
1210 709 1315 743 Suhm
1340 710 1431 743 nist.
1459 709 1497 743 af
1520 709 1668 743 Danmk.
1693 711 1791 744 VIII.
1816 711 1899 743 354.

321 764 440 817 [439]
497 764 663 812 Literae,
708 767 853 820 quibus
890 768 1153 810 Wmmmus
1191 771 1318 811 abbas
1354 771 1589 811 Gaufridum
1625 774 1833 812 certiorem
1863 772 1978 819 facit,
2021 786 2067 811 se
2104 770 2287 813 Parisios

63 835 326 890 profecturum
357 850 464 875 esse.
494 858 548 864 --
578 835 675 875 Sine
706 850 820 875 anno.

455 906 644 947 Langcbck
671 906 809 949 scriptt.
834 908 897 941 VI.
920 907 1069 943 68-69.
1120 912 1194 947 Cfr.
1222 913 1327 946 Sulim
1353 912 1444 946 nist.
1469 913 1510 946 af
1530 913 1677 948 Danmk.
1703 914 1801 948 vul.
1826 913 1906 948 353.

322 966 441 1019 [440]
498 967 644 1007 Literae
672 968 898 1008 W'umflmn
929 970 1086 1011 abbatis
1115 973 1165 1012 ad
1196 974 1353 1014 fratrem
1383 974 1628 1014 Bernardum
1659 974 1708 1014 de
1737 975 1923 1023 Vicenis,
1952 975 2056 1014 circa
2088 977 2287 1028 negotium

63 1038 360 1079 reconciliandae
388 1038 473 1077 litis
503 1039 604 1077 inter
634 1052 765 1091 regem
797 1042 837 1078 et
865 1041 1038 1091 reginam
1067 1043 1320 1084 Francorum.
1350 1067 1401 1072 -
1432 1045 1529 1084 Sine
1559 1059 1675 1084 anno.

456 1113 647 1154 Langebek
671 1113 813 1156 Scriptt.
836 1113 898 1147 Vl.
924 1113 1072 1146 75-76.
1122 1115 1195 1147 Cfr.
1221 1115 1326 1147 Suhm
1353 1115 1444 1148 nist.
1470 1116 1510 1148 af
1531 1115 1679 1148 Danmk.
1704 1116 1802 1149 VIII.
1827 1116 1907 1149 353.

325 1172 444 1224 [441]
503 1173 648 1213 Literoe
678 1175 902 1214 IVnmr-:mn
938 1174 1096 1214 abbatis
1125 1175 1176 1214 ad
1203 1190 1347 1230 papam
1386 1177 1434 1216 de
1473 1178 1880 1217 excommunicatione
1918 1178 2025 1230 regis
2061 1175 2290 1229 Norvagiae‚

63 1245 102 1281 et
130 1255 284 1291 eorum,
316 1245 383 1296 qui
413 1258 503 1283 eum
533 1249 832 1284 coronaverunt.
861 1267 915 1273 —
945 1245 1042 1285 Sine
1072 1260 1186 1285 anno·

458 1315 647 1356 Langebek
681 1315 822 1358 Scriptt.
847 1314 911 1348 Vl.
935 1315 992 1349 34.
1054 1316 1128 1349 Cfr.
1155 1317 1260 1350 Suhm
1286 1318 1378 1350 nist.
1414 1318 1455 1351 af
1482 1318 1631 1351 Danmk.
1664 1318 1763 1351 vlu.
1793 1315 1875 1350 366,
1934 1315 2180 1359 Langcbekius
2205 1317 2290 1350 hanc

456 1377 635 1421 epistolam
660 1377 702 1410 ad
730 1387 807 1410 ann.
836 1376 924 1409 1193
949 1377 1074 1422 refert,
1100 1378 1325 1412 Bar-tholinus
1352 1379 1395 1412 ad
1419 1389 1497 1413 ann.
1527 1379 1624 1415 1196.

1099 1514 1244 1565 1196.
1837 1510 1840 1515 ’
2363 1527 2482 1567 1196.

326 1630 456 1679 [442]
513 1630 692 1671 Klixnrr
730 1630 794 1670 dei
842 1632 967 1684 gratia
1000 1630 1201 1670 Danorum
1241 1631 1552 1684 Sclavorumque
1591 1632 1698 1684 regis
1736 1632 1877 1678 literae,
1930 1629 2074 1685 quibus
2110 1634 2290 1670 anteces-
2319 1630 2370 1664 18·
2395 1631 2529 1666 Martii-

65 1712 198 1739 sorum
235 1714 398 1740 suorum
435 1701 689 1740 donationem
727 1701 989 1740 dimidietatis
1027 1700 1169 1748 debiti,
1208 1702 1289 1754 juri
1328 1703 1437 1754 regio
1475 1703 1513 1740 in
1550 1703 1711 1741 civitate
1748 1701 1922 1754 Ripensi
1960 1701 2186 1746 attinentis,
2230 1714 2292 1739 ec·

64 1769 196 1809 clesiae
237 1770 410 1824 Ripensi
453 1771 624 1819 factam,
673 1772 896 1818 confirmat,
940 1771 1066 1810 tribus
1109 1772 1263 1818 causis,
1307 1785 1365 1810 sc.
1402 1771 1585 1811 Forhand
1622 1771 1710 1822 (for
1738 1770 1930 1822 Band?),
1972 1770 2096 1809 Wreo
2139 1774 2180 1810 et
2214 1770 2291 1809 XL

65 1853 305 1888 marcarum,
335 1842 529 1894 exceptis.
557 1865 612 1870 —
648 1842 705 1881 W
703 1843 964 1895 ethlaetleorp,
993 1841 1084 1880 XV.
1113 1842 1185 1881 cal.
1215 1841 1388 1894 Aprilis,
1418 1855 1519 1880 anno
1547 1840 1784 1880 monarchiae
1812 1841 1963 1880 Kanuti
1992 1842 2098 1892 regis
2127 1839 2240 1880 XIV.

462 1914 636 1955 Terpager
661 1912 758 1955 Ripae
784 1913 912 1946 Cimbr.
936 1924 969 1956 p.
998 1911 1165 1945 176—77.

328 1974 448 2025 [443]
506 1974 706 2022 ΚΑΝυΤι,
735 1975 937 2014 Danorum
969 1975 1254 2027 Slavorumque
1283 1974 1391 2025 regis
1419 1972 1563 2019 literae,
1593 1971 1738 2025 quibus
1766 1973 2115 2011 commutationem
2139 1971 2291 2012 ordinis
2314 1985 2371 2019 31,
2398 1984 2531 2019 Martii,

2 2092 3 2095 Ἰ
68 2045 266 2096 nigrorum
296 2044 580 2084 monachorum
620 2045 800 2084 ecclesiae
839 2046 968 2084 sancti
998 2044 1210 2084 Michaelis
1241 2043 1290 2082 de
1328 2042 1515 2094 Sleswyk
1554 2043 1592 2080 in
1630 2042 1806 2081 ordinem
1843 2042 2044 2089 alborum,
2080 2055 2103 2081 a
2133 2042 2293 2081 domino

68 2115 291 2167 apostolico
323 2115 372 2154 ob
403 2115 641 2154 insolentias
671 2116 867 2167 nigrorum
895 2114 1058 2161 factam,
1089 2113 1294 2166 approbat.
1324 2135 1378 2141 —
1411 2112 1601 2161 Gnmuolt,
1631 2111 1759 2164 pridie
1783 2113 1857 2151 cal.
1879 2113 2046 2165 Aprilis,
2077 2112 2293 2152 indictione

23 2203 26 2209 ·
68 2183 196 2224 XIIII.
227 2199 329 2225 anno
358 2185 596 2225 monarchiae
627 2186 736 2237 regni
766 2184 917 2224 Kanuti
947 2186 1052 2237 regis
1084 2183 1214 2224 XIIII.

464 2257 651 2298 Langebek
676 2256 816 2298 Scriptt.
841 2257 920 2288 VII.
944 2255 1139 2287 323—324.
1187 2254 1293 2286 Sulim
1314 2251 1405 2285 nist.
1428 2252 1467 2284 af
1482 2252 1629 2288 Danmk.
1651 2253 1748 2286 v111.
1770 2252 1964 2297 704—706.
2015 2252 2088 2287 Cfr.
2103 2252 2295 2286 Michelsen

463 2318 728 2351 Nordfriesland
752 2316 798 2349 im
821 2316 1025 2350 Mittelalter
1047 2327 1079 2359 p.
1108 2316 1172 2348 155
1197 2318 1265 2350 not.
1292 2313 1359 2356 ††.

333 2380 462 2429 [444]
519 2380 694 2419 Kmnn
736 2379 846 2431 regis
889 2379 1132 2417 confirmatio
1176 2375 1484 2429 compositionis
1527 2375 1628 2413 inter
1672 2375 1887 2413 canonicos
1930 2374 1979 2414 de
2014 2373 2212 2414 Paraclito
2256 2379 2296 2415 et

71 2449 236 2489 colonos
264 2451 398 2502 regios
428 2449 478 2488 de
506 2451 753 2502 piscatione,
785 2463 869 2502 quae
900 2448 1030 2488 Clonce
1061 2447 1289 2500 appellatur.
1318 2468 1373 2473 -
1402 2446 1500 2483 Sine
1530 2454 1645 2482 anno.

465 2520 655 2560 Langebek
681 2519 821 2563 Scriptt.
848 2521 909 2553 VI.
940 2517 1106 2551 1-14--15.
1131 2517 1171 2548 ad
1199 2527 1276 2550 ann.
1307 2515 1406 2549 1195.
1466 2513 1653 2546 Thorkelin
1678 2513 1903 2557 Diplomatar.
1929 2516 2167 2556 Arna-Magn.
2194 2515 2221 2549 I.
2250 2515 2295 2547 51

467 2581 570 2621 -55,
599 2582 642 2613 ad
669 2592 747 2617 ann.
778 2581 877 2616 1182,
926 2581 1001 2614 Cfr.
1028 2579 1134 2611 Suhm
1157 2578 1249 2613 nist,
1277 2577 1319 2609 af
1336 2575 1484 2609 Danmk.
1511 2575 1603 2610 Vlll.
1629 2575 1709 2609 372.
1756 2576 1919 2609 Knudsen
1931 2576 2079 2611 Danmk.
2106 2576 2116 2609 i
2140 2575 2294 2610 middel-

467 2642 534 2677 ald.
565 2642 594 2677 l.
621 2643 724 2676 Hefte
749 2654 780 2686 p.
805 2642 862 2678 65.
889 2644 957 2677 not.
987 2641 1016 2675 l.

334 2703 453 2754 [445]
509 2703 716 2757 Epistola,
748 2718 863 2758 quarn
895 2703 969 2742 suh
998 2701 1169 2741 ΚΑΝυτι
1200 2701 1306 2751 regis
1332 2699 1492 2737 nomine
1522 2711 1633 2751 papae
1661 2698 1846 2738 Romano
1876 2700 2037 2752 scripsit
2064 2699 2294 2738 NVillelmus

74 2772 219 2821 abbas,
248 2777 293 2813 ut
321 2775 502 2814 severius
533 2775 570 2812 in
600 2788 733 2826 regem
763 2774 1002 2814 Francorum
1032 2784 1147 2822 agere
1178 2770 1272 2809 velit
1301 2771 1339 2808 in
1370 2781 1494 2807 causa
1524 2767 1695 2807 divortii.
1723 2791 1773 2799 ——
1807 2768 1903 2808 Sine
1932 2783 2048 2808 anno.

469 2844 622 2886 Holberg
649 2847 767 2879 Danm.
789 2843 880 2878 nist.
906 2844 932 2878 1.
960 2840 1130 2876 261—62.
1180 2839 1367 2882 Langebek
1391 2837 1530 2882 Scriptt.
1555 2838 1618 2873 Vl.
1643 2838 1699 2873 27.
1749 2838 1823 2873 cfr.
1845 2839 1951 2872 Suhm
1972 2839 2062 2874 nist.
2085 2839 2125 2871 as
2145 2840 2292 2874 Danmk.

471 2906 563 2941 Vlll.
588 2907 669 2942 377.

337 2967 465 3015 [446]
524 2967 669 3006 Literae
697 2967 925 3006 IVrnnnmn
955 2965 1132 3012 ahbatiS,
1163 2962 1239 3002 sub
1267 2962 1426 3001 nomine
1454 2961 1561 3015 regis
1590 2959 1771 3012 (Kanuti)
1801 2960 1852 3000 ad
1873 2962 2095 3005 cardinales
2125 2965 2295 3018 scriptae,

75 3034 124 3074 de
153 3048 245 3088 rege
273 3035 514 3076 Francorum
545 3036 595 3076 ob
627 3036 793 3090 injurias
823 3037 949 3075 sorori
978 3036 1084 3087 regis
1115 3033 1244 3071 illatas
1274 3030 1666 3071 excommunicando.
1696 3053 1746 3058 —
1777 3031 1874 3071 Sine
1903 3033 2019 3073 ann'o.

472 3106 659 3148 Langebek
685 3105 824 3149 Scriptt.
850 3105 910 3140 Vl.
936 3103 1085 3136 28—29.
1133 3103 1207 3137 Cfr.
1236 3101 1343 3135 Suhm
1367 3100 1458 3137 nist,
1486 3100 1526 3134 as
1548 3100 1696 3136 Danmk.
1722 3099 1812 3136 vul.
1841 3102 1920 3138 ³78.

338 3166 460 3220 [447]
515 3167 661 3206 Literae
690 3167 912 3206 &Vnum-:Lm
941 3165 1096 3205 abbatis
1126 3163 1175 3202 ad
1204 3163 1441 3207 cardinalem
1473 3161 1681 3216 quendam.
1709 3184 1760 3191 —
1792 3162 1889 3203 Sine
1919 3178 2034 3204 anno.

472 3237 659 3277 Langcbek
695 3236 836 3280 Scriptt.
873 3237 935 3270 VI.
970 3236 1025 3270 73.
1084 3234 1157 3269 Cfr.
1184 3233 1290 3267 suhm
1315 3232 1406 3269 nist.
1441 3234 1482 3267 as
1503 3231 1649 3267 Danmk.
1682 3233 1779 3268 VIII.
1813 3233 1892 3269 375.
1955 3235 2177 3269 Bartllolinus
2210 3235 2297 3270 hane

473 3297 656 3341 epistolam
678 3298 720 3332 ad
746 3309 828 3332 ann.
854 3297 942 3334 119⁷
967 3298 1084 3332 refert.

1991 3360 2037 3399 9*
