2649 3686
826 127 980 176 Koxo
1016 127 1192 178 Svrzxn
1228 127 1522 175 Es’rmnsex.
1999 183 2003 188 ,
2219 132 2282 180 27

463 299 645 342 Staphorst
669 298 759 332 nist.
785 300 879 334 Eccl.
905 302 1026 334 Hamb.
1052 303 1079 335 1.
1105 301 1223 343 Thcil,
1253 300 1282 334 1.
1308 300 1368 333 Bd.
1393 310 1425 344 p.
1450 298 1621 332 410-11.
1670 298 1845 342 Liljcgrcn
1866 299 1957 344 Dipl.
1976 301 2072 354 Snvec.
2098 301 2123 334 1.
2149 311 2203 334 no.
2228 302 2282 334 21.

464 371 495 404 p.
520 361 669 394 37—38.
720 362 916 396 Gronlands
942 363 1022 396 bist.
1047 363 1230 396 Mindcsm.
1256 363 1317 396 111.
1343 360 1490 394 7⁷1—76.

1063 481 1102 513 c.
1140 463 1284 513 1056.
2322 493 2353 517 e.
2387 481 2501 519 1056.

330 558 460 608 [last]
517 558 705 599 Edwardi
735 560 952 613 Anglorum
984 563 1090 614 regis
1120 561 1315 614 diploma,
1352 574 1429 614 quo
1459 558 1723 598 “donationes
1753 562 1938 599 terrarum
1970 558 2030 597 vel
2061 557 2282 597 libertatum
2316 564 2370 596 31.
2396 566 2519 597 Novbr.

67 635 136 670 aut
166 630 327 670 aliarum
358 644 507 675 rerum,
551 644 635 683 quae
665 644 687 669 a
725 631 885 683 regibus
915 632 1074 685 Edgaro
1106 636 1145 672 et
1173 631 1442 671 Humana-nv
1480 628 1656 668 donatae”
1695 633 1805 669 erant
1847 629 2092 677 (Hardecnut
2124 628 2287 668 dederat

68 699 352 753 Hemingcsord
381 703 422 739 et
450 699 599 751 Gilling
637 714 725 740 cum
758 702 942 741 omnibus
976 703 1245 756 pertinentiis)
1284 700 1525 739 monasterio
1554 699 1813 752 Ramesiensi
1850 700 2072 747 contir1nat3
2116 699 2286 738 testibus

68 770 252 810 Leosrico
283 770 405 817 duce,
448 770 622 809 Earnldo
653 770 776 819 duce,
818 771 1028 812 Leoswino
1059 773 1184 820 duce,
1225 770 1396 810 Edu-ino
1427 770 1549 817 duce,
1587 769 1744 822 Edgarc
1775 769 1947 810 stallere.
1975 791 2023 797 --
2055 768 2104 809 11.
2135 769 2285 808 calend.

69 840 278 882 Decembr.
311 841 416 890 (sine
445 843 577 891 anno).

458 911 640 943 Monastic.
666 910 802 951 Aug-lle.
829 912 855 944 Ι.
889 911 1061 944 236-718.
1119 911 1270 956 Reyncri
1307 910 1489 955 apostolat.
1526 910 1776 945 Benedictinor.
1810 910 1844 943 in
1877 909 2022 952 Anglia‚
2059 910 2209 953 Append.
2243 911 2284 943 11.

465 984 496 1016 p.
522 973 671 1005 50—51.
721 973 794 1006 Cfr.
821 973 926 1006 subm
952 974 1031 1006 nist
1055 974 1095 1006 af
1115 974 1261 1007 Danmk.
1286 974 1348 1007 lv.
1377 973 1457 1005 308.

1103 1089 1247 1139 1061.
1641 1064 1648 1071 ’
2362 1106 2478 1145 1061.

330 1183 460 1235 [131]
518 1185 723 1227 Pfflml‘m
753 1185 850 1236 (lint)
880 1185 1119 1226 Francorum
1148 1188 1257 1238 regis
1297 1187 1488 1240 diploma,
1529 1200 1606 1238 quo
1644 1185 1824 1226 ecclesioe
1862 1187 1990 1225 sancti
2018 1186 2217 1225 Vincentii
2248 1189 2287 1223 et

72 1257 199 1295 sancti
229 1253 417 1294 Germani
457 1256 494 1294 in
525 1255 715 1296 suburbio
745 1256 958 1296 Par-isiaca:
988 1256 1097 1295 urbis
1132 1258 1263 1310 (“quae
1301 1279 1350 1285 —
1389 1258 1444 1296 ita
1486 1257 1666 1309 copiosis
1709 1256 1951 1296 exuberabat
1987 1255 2202 1302 reditibus,
2244 1260 2287 1293 ut

72 1326 187 1372 olim,
216 1324 432 1366 Danonum
463 1326 619 1378 scilicet
648 1326 915 1379 temporibus,
945 1327 1100 1378 asylum
1132 1327 1233 1366 soret
1261 1326 1469 1366 monachis
1504 1326 1672 1380 praesatae
1712 1327 1913 1375 ecclesiae3
1944 1325 1998 1365 ibi
2027 1339 2196 1378 namque
2232 1326 2286 1364 in-

73 1399 236 1448 gruente
265 1397 542 1448 persecutione
571 1397 742 1450 praefatae
772 1398 925 1449 gentis,
954 1396 1137 1435 monachi
1168 1411 1256 1436 cum
1286 1411 1449 1450 corpore
1479 1396 1571 1435 almi
1601 1395 1787 1435 Germani
1817 1410 1892 1435 non
1922 1395 2068 1442 semel,
2111 1394 2185 1434 sed
2222 1394 2286 1434 bis

69 1471 109 1505 et
139 1471 200 1505 ter
236 1465 537 1518 consugerunt”)
581 1467 712 1507 villam
743 1466 929 1513 Cumbis,
972 1480 995 1505 a
1030 1466 1260 1519 Dagoherto
1304 1467 1488 1506 donatam
1526 1466 1600 1505 sed
1637 1466 1686 1505 ab
1723 1466 1891 1519 Hugone
1928 1480 2068 1518 magno
2106 1466 2285 1505 ecclesiae

73 1536 314 1582 detractam,
344 1537 528 1575 restituit.

464 1605 649 1650 Bouillart,
686 1607 841 1641 Histoire
878 1608 918 1640 de
954 1608 1110 1652 l’abbaye
1147 1607 1269 1650 royale
1306 1607 1347 1639 de
1382 1606 1477 1640 saint
1513 1605 1676 1639 Germain
1709 1605 1851 1649 (Paris.
1903 1606 2002 1639 1721.
2034 1606 2133 1651 Ful.)
2167 1606 2286 1640 Pieces

460 1668 640 1709 justificat.
666 1681 697 1713 p.
722 1670 1024 1704 XXIX—XXXI.
1072 1670 1147 1703 cfr.
1173 1670 1279 1701 suhm
1304 1669 1395 1702 nist.
1421 1670 1461 1702 af
1480 1669 1626 1702 Danmk.
1651 1668 1713 1701 lv.
1737 1668 1817 1701 281.

332 1728 462 1778 [132]
519 1729 775 1783 privilegium
808 1731 1016 1771 Herwaldo
1047 1733 1240 1785 episcopo
1270 1729 1524 1770 Landavensi
1549 1743 1786 1769 concessum
1811 1744 1880 1782 per
1906 1729 2127 1776 Griffidum,
2156 1743 2287 1782 regem

74 1800 313 1839 “Britanniae
352 1804 392 1838 et
429 1803 474 1838 ut
508 1801 568 1839 sic
598 1800 726 1840 dicam
756 1802 880 1840 totius
910 1801 1089 1841 Gwalliae
1120 1802 1169 1841 de
1198 1802 1274 1840 fine
1304 1801 1355 1839 ad
1384 1802 1544 1848 finem”;
1584 1805 1772 1854 praeterea
1801 1804 1935 1844 votum
1966 1801 2114 1839 secisse
2146 1800 2289 1839 dicitur

71 1869 121 1908 de
161 1870 419 1922 poenitentiis
461 1874 502 1909 et
543 1869 812 1923 eleemosynis
854 1875 895 1911 et
936 1872 1042 1925 quod
1085 1886 1162 1911 non
1207 1871 1444 1923 degenerare
1474 1872 1571 1910 velit
1599 1885 1621 1910 a
1659 1870 2025 1924 praedecessoribus
2063 1873 2171 1918 suis,
2215 1871 2288 1911 sed

71 1941 267 1991 “rigorem
297 1944 338 1979 et
366 1939 635 1979 fortitudinem
666 1945 747 1980 tum
777 1945 912 1980 contra
941 1941 1120 1993 Anglos,
1149 1945 1231 1980 tum
1261 1945 1396 1980 contra
1425 1941 1714 1980 Hibernienses
1738 1941 2020 1988 occidentales,
2049 1944 2131 1980 tum
2153 1945 2288 1980 contra

73 1997 282 2061 indigenas
311 2010 432 2050 solito
461 2024 570 2049 more
600 2010 838 2058 bellicosos,
874 2015 955 2051 tum
985 2015 1121 2050 contra
1149 2011 1296 2051 DAmos
1325 2025 1539 2060 MARmos,
1569 2016 1651 2052 tum
1681 2016 1816 2052 contra
1846 2011 2061 2050 insularum
2089 2011 2286 2051 Orcadum

72 2078 346 2119 hal›itat0res‘'
376 2094 574 2120 exercere.
606 2103 654 2108 —
686 2081 782 2120 Sine
812 2094 927 2119 anno.

466 2151 640 2184 w⁷l1arton
665 2150 792 2195 Anglia
816 2161 914 2183 sacra
939 2152 982 2184 11.
1007 2151 1088 2183 670.
1137 2151 1212 2184 cfr.
1237 2151 1343 2184 Suhm
1369 2152 1459 2186 nist.
1485 2153 1525 2185 as
1545 2153 1691 2186 Danmk.
1717 2153 1779 2186 lv.
1804 2151 1883 2184 281.

1465 2221 1484 2242 ι

1105 2272 1251 2323 1062.
1682 2320 1686 2325 ,
2363 2266 2479 2308 1062.

335 2370 465 2420 [133]
523 2371 781 2411 Annus-nm
815 2368 921 2420 (ΠΜ)
950 2383 1062 2422 papae
1093 2369 1143 2408 ad
1167 2369 1390 2410 Svenonem
1413 2367 1614 2411 Danorum
1643 2384 1775 2422 regem
1805 2370 1938 2417 literae,
1969 2369 2114 2422 quibus
2141 2374 2288 2416 monet,

77 2448 119 2482 ut
149 2455 312 2481 censum
342 2442 472 2493 regni,
502 2455 617 2494 quem
648 2441 967 2494 praedecessores
1005 2441 1095 2492 ejus
1133 2440 1362 2492 apostolicae
1392 2442 1572 2481 ecclesiae
1609 2440 1836 2494 persolvere
1877 2440 1986 2479 soliti
2023 2441 2121 2486 sint,
2163 2443 2288 2478 trans-

73 2514 229 2559 mittat,
259 2514 341 2552 “ita
371 2515 500 2550 tamen
531 2515 574 2550 ut
602 2526 678 2550 non
709 2511 815 2549 sicut
843 2509 991 2549 oblatio
1021 2523 1141 2562 super
1170 2508 1292 2548 altare
1321 2515 1510 2562 ponatur,
1553 2511 1626 2550 sed
1656 2532 1705 2538 -
1735 2509 2035 2563 praesentialiter
2065 2509 2287 2549 offeratur’'.

73 2583 168 2623 Sine
199 2596 314 2622 anno.

465 2654 593 2684 Baron.
619 2650 741 2683 Annal.
769 2650 850 2683 eccl.
877 2649 918 2681 ad
953 2659 1029 2682 ann.
1059 2648 1157 2681 1062.
1192 2649 1284 2687 CIX.
1308 2650 1404 2681 Tom.
1437 2650 1551 2683 XVII.
1584 2662 1616 2693 p.
1648 2650 1727 2681 233.
1789 2648 1944 2683 Gretseri
1969 2649 2080 2693 Opera
2104 2651 2200 2682 Tom.
2225 2651 2288 2683 Vl.

467 2724 499 2756 p.
524 2713 605 2745 647.
667 2704 846 2752 (irnhjelm
881 2710 970 2743 Hist.
1003 2710 1084 2743 ecci.
1110 2713 1276 2742 Sveonum
1302 2710 1397 2742 Libr.
1430 2712 1489 2743 111.
1524 2722 1553 2744 c.
1583 2712 1635 2744 14.
1668 2709 1692 2752 S
1730 2711 1782 2743 18.
1815 2722 1848 2754 p.
1881 2711 1960 2744 253.
2015 2712 2157 2744 Pontan.
2189 2713 2288 2744 Rerr.

468 2776 577 2806 Dann.
605 2774 694 2806 Hist.
720 2773 815 2806 Libr.
841 2774 886 2805 V.
911 2783 943 2815 p.
972 2773 1047 2805 183.
1094 2771 1210 2804 Mansi
1237 2771 1389 2804 collectio
1416 2772 1589 2805 concilior.
1606 2774 1701 2804 Tom.
1722 2773 1820 2805 XIX.
1843 2783 1875 2815 p.
1898 2772 1978 2805 913.
2026 2768 2192 2806 Collectio
2216 2784 2288 2815 reg.

468 2835 612 2868 Concill.
638 2838 733 2868 Tom.
757 2836 874 2867 XXV.
899 2846 930 2877 p.
955 2833 1035 2866 605.
1081 2832 1207 2866 Labbci
1234 2833 1378 2865 concilia
1406 2835 1501 2866 Tom.
1527 2835 1589 2867 lx.
1616 2845 1648 2877 p.
1678 2833 1776 2867 1116.
1823 2835 1972 2867 Dumont
1992 2835 2101 2878 Corps
2115 2834 2288 2878 diplomat.

469 2898 497 2930 1.
522 2899 579 2930 50.
604 2897 660 2929 84.
710 2897 785 2930 Csr.
811 2897 917 2929 subm
943 2895 1025 2928 nist
1050 2896 1091 2927 af
1110 2895 1255 2927 Danmk.
1281 2896 1343 2927 lv.
1368 2890 1562 2928 293—291.

338 2958 467 3007 [134]
532 2958 720 2998 Edwardi
757 2958 973 3010 Anglorum
1010 2958 1117 3008 regis
1154 2956 1327 3009 diploma
1364 2956 1413 2995 de
1456 2956 1684 2996 fundatione
1728 2961 1768 2996 et
1804 2956 2023 3010 privilegiis
2059 2959 2287 2996 monasterii

75 3026 389 3068 walthamensis
419 3028 524 3076 (Rex
554 3027 728 3067 Haroldo
758 3029 893 3067 comiti
923 3027 1053 3073 dedit,
1083 3040 1219 3066 comes
1246 3040 1337 3065 vero
1366 3028 1649 3066 monasterium
1680 3026 1887 3078 fundavit).
1958 3026 2289 3080 Subscripserunt

75 3101 215 3150 praeter
251 3111 384 3150 regem
421 3101 462 3137 et
496 3097 730 3150 Eadgydam
768 3099 965 3154 reginam:v
1022 3096 1221 3137 Haroldus
1269 3109 1426 3144 comes,
1470 3096 1671 3148 AElfgarus
1707 3110 1864 3143 comes,
1908 3096 2098 3137 Tostinus
2133 3111 2288 3143 comes,

79 3166 285 3206 Leswinus
313 3181 470 3215 comes,
501 3167 628 3219 Gyrth
659 3182 809 3215 comes,
836 3167 1018 3220 Esgarus
1047 3167 1162 3218 regiae
1186 3169 1416 3219 procurator
1440 3166 1550 3213 aulae,
1578 3165 1808 3206 Radbertus
1832 3168 1938 3218 regis
1960 3168 2288 3218 consangvineus,

81 3235 338 3277 Hesnssnxus
368 3239 474 3290 regis
504 3239 919 3295 consangvineuss—
948 3234 1234 3276 Indictionibus
1265 3236 1476 3288 terquinis,
1505 3235 1659 3288 epactis
1688 3238 1882 3289 septenis,
1911 3235 2287 3276 concurrentibus...

475 3306 692 3340 Monasticon
717 3307 941 3351 Anglicanum
967 3307 1011 3340 11.
1040 3305 1183 3338 11—13.
1233 3306 1306 3339 Cfr.
1333 3304 1438 3338 Suhm
1464 3304 1554 3338 nist.
1580 3305 1620 3338 af
1640 3306 1784 3340 Daumk.
1810 3308 1871 3341 IV.
1895 3307 1974 3340 300.

1980 3371 2027 3410 4.
