<?xml version="1.0" encoding="UTF-8"?>
<!DOCTYPE html PUBLIC "-//W3C//DTD XHTML 1.0 Transitional//EN"
    "http://www.w3.org/TR/xhtml1/DTD/xhtml1-transitional.dtd">
<html xmlns="http://www.w3.org/1999/xhtml" xml:lang="en" lang="en">
 <head>
  <title>
</title>
<meta http-equiv="Content-Type" content="text/html;charset=utf-8" />
  <meta name='ocr-system' content='tesseract 3.04.00' />
  <meta name='ocr-capabilities' content='ocr_page ocr_carea ocr_par ocr_line ocrx_word'/>
</head>
<body>
  <div class='ocr_page' id='page_1' title='image "./regestadiplomati01dansuoft_0134.png"; bbox 0 0 2649 3686; ppageno 0'>
   <div class='ocr_carea' id='block_1_1' title="bbox 337 117 2542 235">
    <p class='ocr_par' dir='ltr' id='par_1_1' title="bbox 337 117 2542 235">
     <span class='ocr_line' id='line_1_1' title="bbox 337 117 2152 190; baseline -0.017 -3"><span class='ocrx_word' id='word_1_1' title='bbox 337 139 433 190; x_wconf 76' lang='lat'><strong>124</strong></span> <span class='ocrx_word' id='word_1_2' title='bbox 977 131 1131 178; x_wconf 74' lang='lat' dir='ltr'><strong>Koxo</strong></span> <span class='ocrx_word' id='word_1_3' title='bbox 1167 125 1509 175; x_wconf 72' lang='lat' dir='ltr'><strong>Cnmsropmzn</strong></span> <span class='ocrx_word' id='word_1_4' title='bbox 1543 135 1640 166; x_wconf 75' lang='lat' dir='ltr'><strong>DEN</strong></span> <span class='ocrx_word' id='word_1_5' title='bbox 1674 117 1887 165; x_wconf 70' lang='lat' dir='ltr'><strong>Fosssm</strong></span> <span class='ocrx_word' id='word_1_6' title='bbox 2148 170 2152 172; x_wconf 16' lang='grc' dir='ltr'><em>Β</em></span> 
     </span>
     <span class='ocr_line' id='line_1_2' title="bbox 337 202 2542 235; baseline -0.016 0"><span class='ocrx_word' id='word_1_7' title='bbox 337 202 2542 235; x_wconf 34' lang='grc' dir='ltr'><strong>-Μ-ῇ-ψ--ὼ-ᾕ-</strong></span> 
     </span>
    </p>
   </div>
   <div class='ocr_carea' id='block_1_2' title="bbox 152 286 2539 358">
    <p class='ocr_par' dir='ltr' id='par_1_2' title="bbox 152 286 2539 358">
     <span class='ocr_line' id='line_1_3' title="bbox 152 286 2539 358; baseline -0.009 -7"><span class='ocrx_word' id='word_1_8' title='bbox 152 311 268 351; x_wconf 81' lang='grc'><strong>1255.</strong></span> <span class='ocrx_word' id='word_1_9' title='bbox 600 309 731 358; x_wconf 68' lang='lat'>[964]</span> <span class='ocrx_word' id='word_1_10' title='bbox 786 306 1039 345; x_wconf 66' lang='lat' dir='ltr'><strong>Afflnmnm</strong></span> <span class='ocrx_word' id='word_1_11' title='bbox 1071 298 1186 351; x_wconf 69' lang='lat' dir='ltr'><strong>(lvti)</strong></span> <span class='ocrx_word' id='word_1_12' title='bbox 1213 297 1318 337; x_wconf 88' lang='lat' dir='ltr'><strong>bulla</strong></span> <span class='ocrx_word' id='word_1_13' title='bbox 1345 291 1606 347; x_wconf 83' lang='lat' dir='ltr'><strong>protectoria,</strong></span> <span class='ocrx_word' id='word_1_14' title='bbox 1635 288 1808 341; x_wconf 86' lang='lat' dir='ltr'><strong>capitulo</strong></span> <span class='ocrx_word' id='word_1_15' title='bbox 1837 288 2049 326; x_wconf 88' lang='lat' dir='ltr'><strong>Arusiensi</strong></span> <span class='ocrx_word' id='word_1_16' title='bbox 2079 286 2184 326; x_wconf 87' lang='lat' dir='ltr'><strong>data.</strong></span> <span class='ocrx_word' id='word_1_17' title='bbox 2229 309 2286 315; x_wconf 67' lang='lat'><strong>-›</strong></span> <span class='ocrx_word' id='word_1_18' title='bbox 2322 287 2539 341; x_wconf 73' lang='lat' dir='ltr'><strong>Anaqnioe,</strong></span> 
     </span>
    </p>
   </div>
   <div class='ocr_carea' id='block_1_3' title="bbox 99 372 2170 484">
    <p class='ocr_par' dir='ltr' id='par_1_3' title="bbox 99 372 2170 484">
     <span class='ocr_line' id='line_1_4' title="bbox 99 372 1195 432; baseline -0.019 -5"><span class='ocrx_word' id='word_1_19' title='bbox 99 383 130 414; x_wconf 72' lang='lat'><strong>⁴·</strong></span> <span class='ocrx_word' id='word_1_20' title='bbox 158 380 315 424; x_wconf 60' lang='lat' dir='ltr'><strong>Augusti·</strong></span> <span class='ocrx_word' id='word_1_21' title='bbox 341 383 389 422; x_wconf 91' lang='grc' dir='ltr'><strong>ΙΙ.</strong></span> <span class='ocrx_word' id='word_1_22' title='bbox 420 396 508 421; x_wconf 91' lang='lat' dir='ltr'><strong>non.</strong></span> <span class='ocrx_word' id='word_1_23' title='bbox 538 379 731 432; x_wconf 79' lang='lat' dir='ltr'>Augusti,</span> <span class='ocrx_word' id='word_1_24' title='bbox 760 374 898 429; x_wconf 84' lang='lat' dir='ltr'><strong>pontif.</strong></span> <span class='ocrx_word' id='word_1_25' title='bbox 929 386 1029 411; x_wconf 89' lang='lat' dir='ltr'><strong>anno</strong></span> <span class='ocrx_word' id='word_1_26' title='bbox 1058 372 1195 424; x_wconf 90' lang='lat' dir='ltr'><strong>primo.</strong></span> 
     </span>
     <span class='ocr_line' id='line_1_5' title="bbox 728 425 2170 484; baseline -0.016 -5"><span class='ocrx_word' id='word_1_27' title='bbox 728 444 913 478; x_wconf 77' lang='lat' dir='ltr'><strong>ThorkelIn</strong></span> <span class='ocrx_word' id='word_1_28' title='bbox 938 442 1160 484; x_wconf 80' lang='lat' dir='ltr'><strong>Diplomatar.</strong></span> <span class='ocrx_word' id='word_1_29' title='bbox 1186 435 1418 473; x_wconf 80' lang='lat' dir='ltr'><strong>Arna-Magn.</strong></span> <span class='ocrx_word' id='word_1_30' title='bbox 1443 432 1471 464; x_wconf 95' lang='grc' dir='ltr'><strong>Ι.</strong></span> <span class='ocrx_word' id='word_1_31' title='bbox 1497 429 1576 462; x_wconf 83' lang='grc'><strong>205.</strong></span> <span class='ocrx_word' id='word_1_32' title='bbox 1623 428 1808 469; x_wconf 75' lang='lat' dir='ltr'><strong>Langebck</strong></span> <span class='ocrx_word' id='word_1_33' title='bbox 1833 425 1974 468; x_wconf 85' lang='lat' dir='ltr'><strong>Scriptt.</strong></span> <span class='ocrx_word' id='word_1_34' title='bbox 2000 426 2062 458; x_wconf 88' lang='lat' dir='ltr'><strong>VI.</strong></span> <span class='ocrx_word' id='word_1_35' title='bbox 2088 425 2170 458; x_wconf 85' lang='grc'><strong>392.</strong></span> 
     </span>
    </p>
   </div>
   <div class='ocr_carea' id='block_1_4' title="bbox 339 487 2541 628">
    <p class='ocr_par' dir='ltr' id='par_1_4' title="bbox 339 487 2541 628">
     <span class='ocr_line' id='line_1_6' title="bbox 601 487 2541 557; baseline -0.01 -10"><span class='ocrx_word' id='word_1_36' title='bbox 601 509 727 557; x_wconf 80' lang='grc'><strong>[965.]</strong></span> <span class='ocrx_word' id='word_1_37' title='bbox 785 507 1041 545; x_wconf 65' lang='lat' dir='ltr'><strong>Annxalvnnr</strong></span> <span class='ocrx_word' id='word_1_38' title='bbox 1080 497 1190 547; x_wconf 72' lang='lat' dir='ltr'><strong>(lvti)</strong></span> <span class='ocrx_word' id='word_1_39' title='bbox 1228 508 1337 548; x_wconf 86' lang='lat' dir='ltr'><strong>papae</strong></span> <span class='ocrx_word' id='word_1_40' title='bbox 1369 492 1474 532; x_wconf 90' lang='lat' dir='ltr'><strong>bulla</strong></span> <span class='ocrx_word' id='word_1_41' title='bbox 1504 490 1811 535; x_wconf 87' lang='lat' dir='ltr'><strong>confirmatoria,</strong></span> <span class='ocrx_word' id='word_1_42' title='bbox 1848 487 2022 540; x_wconf 89' lang='lat' dir='ltr'><strong>capitulo</strong></span> <span class='ocrx_word' id='word_1_43' title='bbox 2052 487 2266 526; x_wconf 89' lang='lat' dir='ltr'><strong>Arusiensi</strong></span> <span class='ocrx_word' id='word_1_44' title='bbox 2303 488 2395 527; x_wconf 79' lang='lat' dir='ltr'><strong>data</strong></span> <span class='ocrx_word' id='word_1_45' title='bbox 2423 502 2541 543; x_wconf 82' lang='lat' dir='ltr'><strong>super</strong></span> 
     </span>
     <span class='ocr_line' id='line_1_7' title="bbox 339 558 2540 628; baseline -0.015 -6"><span class='ocrx_word' id='word_1_46' title='bbox 339 583 467 628; x_wconf 80' lang='lat' dir='ltr'><strong>honis,</strong></span> <span class='ocrx_word' id='word_1_47' title='bbox 497 581 606 619; x_wconf 88' lang='lat' dir='ltr'><strong>altari</strong></span> <span class='ocrx_word' id='word_1_48' title='bbox 636 578 673 617; x_wconf 90' lang='lat' dir='ltr'><strong>b.</strong></span> <span class='ocrx_word' id='word_1_49' title='bbox 704 576 919 616; x_wconf 85' lang='lat' dir='ltr'><strong>Catharinae</strong></span> <span class='ocrx_word' id='word_1_50' title='bbox 950 571 1092 611; x_wconf 88' lang='lat' dir='ltr'><strong>oblatis</strong></span> <span class='ocrx_word' id='word_1_51' title='bbox 1120 582 1143 607; x_wconf 92' lang='lat' dir='ltr'><strong>a</strong></span> <span class='ocrx_word' id='word_1_52' title='bbox 1173 565 1290 612; x_wconf 78' lang='lat' dir='ltr'><strong>Skoef,</strong></span> <span class='ocrx_word' id='word_1_53' title='bbox 1320 563 1509 603; x_wconf 88' lang='lat' dir='ltr'><strong>canonico</strong></span> <span class='ocrx_word' id='word_1_54' title='bbox 1534 559 1715 599; x_wconf 73' lang='lat' dir='ltr'><strong>ecclesiae</strong></span> <span class='ocrx_word' id='word_1_55' title='bbox 1740 558 2055 598; x_wconf 79' lang='lat' dir='ltr'><strong>Arusiensis.—</strong></span> <span class='ocrx_word' id='word_1_56' title='bbox 2079 558 2293 611; x_wconf 39' lang='lat' dir='ltr'><strong>Ana-quise,</strong></span> <span class='ocrx_word' id='word_1_57' title='bbox 2322 558 2422 611; x_wconf 70' lang='lat' dir='ltr'><strong>prid.</strong></span> <span class='ocrx_word' id='word_1_58' title='bbox 2446 574 2540 605; x_wconf 66' lang='lat' dir='ltr'><strong>non,</strong></span> 
     </span>
    </p>
   </div>
   <div class='ocr_carea' id='block_1_5' title="bbox 104 518 317 560">
    <p class='ocr_par' dir='ltr' id='par_1_5' title="bbox 104 518 317 560">
     <span class='ocr_line' id='line_1_8' title="bbox 104 518 317 560; baseline 0 -10"><span class='ocrx_word' id='word_1_59' title='bbox 104 521 134 551; x_wconf 27' lang='lat'><strong>⁷1.</strong></span> <span class='ocrx_word' id='word_1_60' title='bbox 161 518 317 560; x_wconf 78' lang='lat' dir='ltr'>Augusti.</span> 
     </span>
    </p>
   </div>
   <div class='ocr_carea' id='block_1_6' title="bbox 338 644 2324 752">
    <p class='ocr_par' dir='ltr' id='par_1_6' title="bbox 338 644 2324 752">
     <span class='ocr_line' id='line_1_9' title="bbox 338 644 989 704; baseline -0.022 -12"><span class='ocrx_word' id='word_1_61' title='bbox 338 652 529 704; x_wconf 78' lang='lat' dir='ltr'><strong>Augusti,</strong></span> <span class='ocrx_word' id='word_1_62' title='bbox 557 648 695 703; x_wconf 83' lang='lat' dir='ltr'><strong>pontif.</strong></span> <span class='ocrx_word' id='word_1_63' title='bbox 724 658 823 685; x_wconf 91' lang='lat' dir='ltr'><strong>anno</strong></span> <span class='ocrx_word' id='word_1_64' title='bbox 853 644 989 694; x_wconf 89' lang='lat' dir='ltr'><strong>primo.</strong></span> 
     </span>
     <span class='ocr_line' id='line_1_10' title="bbox 726 696 2324 752; baseline -0.016 -4"><span class='ocrx_word' id='word_1_65' title='bbox 726 712 912 747; x_wconf 71' lang='lat' dir='ltr'><strong>Thou-kelin</strong></span> <span class='ocrx_word' id='word_1_66' title='bbox 936 709 1158 752; x_wconf 83' lang='lat' dir='ltr'><strong>Diplomatar.</strong></span> <span class='ocrx_word' id='word_1_67' title='bbox 1183 704 1416 742; x_wconf 76' lang='lat' dir='ltr'><strong>Arna-Magn.</strong></span> <span class='ocrx_word' id='word_1_68' title='bbox 1441 702 1468 734; x_wconf 94' lang='grc' dir='ltr'><strong>Ι.</strong></span> <span class='ocrx_word' id='word_1_69' title='bbox 1493 710 1526 742; x_wconf 87' lang='lat' dir='ltr'><strong>p.</strong></span> <span class='ocrx_word' id='word_1_70' title='bbox 1552 698 1632 731; x_wconf 88' lang='grc'><strong>206.</strong></span> <span class='ocrx_word' id='word_1_71' title='bbox 1680 698 1871 739; x_wconf 80' lang='lat' dir='ltr'><strong>Langebek</strong></span> <span class='ocrx_word' id='word_1_72' title='bbox 1896 696 2037 740; x_wconf 85' lang='lat' dir='ltr'><strong>Scriptt.</strong></span> <span class='ocrx_word' id='word_1_73' title='bbox 2063 699 2126 731; x_wconf 79' lang='lat' dir='ltr'><strong>Vl.</strong></span> <span class='ocrx_word' id='word_1_74' title='bbox 2151 698 2324 731; x_wconf 76' lang='lat'>392-93‚</span> 
     </span>
    </p>
   </div>
   <div class='ocr_carea' id='block_1_7' title="bbox 82 758 2537 828">
    <p class='ocr_par' dir='ltr' id='par_1_7' title="bbox 82 758 2537 828">
     <span class='ocr_line' id='line_1_11' title="bbox 82 758 2537 828; baseline -0.008 -9"><span class='ocrx_word' id='word_1_75' title='bbox 82 787 133 819; x_wconf 81' lang='lat'><strong>16.</strong></span> <span class='ocrx_word' id='word_1_76' title='bbox 149 771 314 828; x_wconf 74' lang='lat' dir='ltr'><strong>¹Augusti.</strong></span> <span class='ocrx_word' id='word_1_77' title='bbox 597 778 724 826; x_wconf 65' lang='lat'>[966]</span> <span class='ocrx_word' id='word_1_78' title='bbox 782 775 1105 813; x_wconf 72' lang='lat' dir='ltr'><strong>Cunrs&#39;ropuom</strong></span> <span class='ocrx_word' id='word_1_79' title='bbox 1136 764 1375 805; x_wconf 87' lang='lat' dir='ltr'><strong>confirmatio</strong></span> <span class='ocrx_word' id='word_1_80' title='bbox 1393 762 1498 815; x_wconf 86' lang='lat' dir='ltr'><strong>juris</strong></span> <span class='ocrx_word' id='word_1_81' title='bbox 1520 759 1786 806; x_wconf 86' lang='lat' dir='ltr'><strong>Luhecensis,</strong></span> <span class='ocrx_word' id='word_1_82' title='bbox 1816 773 1839 798; x_wconf 87' lang='lat' dir='ltr'><strong>a</strong></span> <span class='ocrx_word' id='word_1_83' title='bbox 1863 758 2017 798; x_wconf 87' lang='lat' dir='ltr'><strong>civibus</strong></span> <span class='ocrx_word' id='word_1_84' title='bbox 2033 760 2209 799; x_wconf 83' lang='lat' dir='ltr'><strong>Revaliae</strong></span> <span class='ocrx_word' id='word_1_85' title='bbox 2232 760 2459 800; x_wconf 88' lang='lat' dir='ltr'><strong>adhibendi.</strong></span> <span class='ocrx_word' id='word_1_86' title='bbox 2490 784 2537 790; x_wconf 90' lang='lat'>—</span> 
     </span>
    </p>
   </div>
   <div class='ocr_carea' id='block_1_8' title="bbox 342 837 2358 950">
    <p class='ocr_par' dir='ltr' id='par_1_8' title="bbox 342 837 2358 950">
     <span class='ocr_line' id='line_1_12' title="bbox 342 837 1144 903; baseline -0.021 -12"><span class='ocrx_word' id='word_1_87' title='bbox 342 849 560 903; x_wconf 71' lang='lat' dir='ltr'><strong>Slobyrqh,</strong></span> <span class='ocrx_word' id='word_1_88' title='bbox 588 846 713 887; x_wconf 83' lang='lat' dir='ltr'><strong>XVll.</strong></span> <span class='ocrx_word' id='word_1_89' title='bbox 743 842 892 883; x_wconf 89' lang='lat' dir='ltr'><strong>calend.</strong></span> <span class='ocrx_word' id='word_1_90' title='bbox 923 837 1144 890; x_wconf 89' lang='lat' dir='ltr'><strong>Septembr.</strong></span> 
     </span>
     <span class='ocr_line' id='line_1_13' title="bbox 725 894 2358 950; baseline -0.009 -4"><span class='ocrx_word' id='word_1_91' title='bbox 725 911 910 946; x_wconf 77' lang='lat' dir='ltr'><strong>&#39;l&#39;horkelin</strong></span> <span class='ocrx_word' id='word_1_92' title='bbox 934 908 1159 950; x_wconf 83' lang='lat' dir='ltr'><strong>Diplomatar.</strong></span> <span class='ocrx_word' id='word_1_93' title='bbox 1184 904 1421 942; x_wconf 80' lang='lat' dir='ltr'><strong>Arna-Magn.</strong></span> <span class='ocrx_word' id='word_1_94' title='bbox 1447 902 1474 933; x_wconf 95' lang='grc' dir='ltr'><strong>Ι.</strong></span> <span class='ocrx_word' id='word_1_95' title='bbox 1499 899 1579 933; x_wconf 86' lang='grc'><strong>309.</strong></span> <span class='ocrx_word' id='word_1_96' title='bbox 1629 900 1736 933; x_wconf 91' lang='lat' dir='ltr'><strong>Suhm</strong></span> <span class='ocrx_word' id='word_1_97' title='bbox 1760 899 1851 932; x_wconf 76' lang='lat' dir='ltr'><strong>nist.</strong></span> <span class='ocrx_word' id='word_1_98' title='bbox 1878 900 1920 932; x_wconf 84' lang='lat' dir='ltr'><strong>af</strong></span> <span class='ocrx_word' id='word_1_99' title='bbox 1941 899 2089 933; x_wconf 84' lang='lat' dir='ltr'><strong>Danmk.</strong></span> <span class='ocrx_word' id='word_1_100' title='bbox 2112 894 2160 932; x_wconf 85' lang='lat' dir='ltr'><strong>X.</strong></span> <span class='ocrx_word' id='word_1_101' title='bbox 2185 899 2358 933; x_wconf 76' lang='lat'><strong>973—74.</strong></span> 
     </span>
    </p>
   </div>
   <div class='ocr_carea' id='block_1_9' title="bbox 105 950 2545 1313">
    <p class='ocr_par' dir='ltr' id='par_1_9' title="bbox 105 950 2545 1313">
     <span class='ocr_line' id='line_1_14' title="bbox 105 950 2545 1025; baseline -0.003 -15"><span class='ocrx_word' id='word_1_102' title='bbox 105 979 155 1010; x_wconf 85' lang='grc'><strong>13.</strong></span> <span class='ocrx_word' id='word_1_103' title='bbox 191 979 310 1011; x_wconf 88' lang='lat' dir='ltr'><strong>Decbr.</strong></span> <span class='ocrx_word' id='word_1_104' title='bbox 596 975 723 1025; x_wconf 84' lang='grc'><strong>[967.]</strong></span> <span class='ocrx_word' id='word_1_105' title='bbox 781 974 1025 1012; x_wconf 70' lang='grc' dir='ltr'><strong>ΑιΕΧΑΝυῑιι</strong></span> <span class='ocrx_word' id='word_1_106' title='bbox 1063 964 1175 1016; x_wconf 68' lang='lat' dir='ltr'><strong>(lvti)</strong></span> <span class='ocrx_word' id='word_1_107' title='bbox 1213 977 1323 1017; x_wconf 81' lang='lat' dir='ltr'><strong>papae</strong></span> <span class='ocrx_word' id='word_1_108' title='bbox 1359 962 1409 1001; x_wconf 83' lang='lat' dir='ltr'><strong>ad</strong></span> <span class='ocrx_word' id='word_1_109' title='bbox 1448 963 1683 1014; x_wconf 88' lang='lat' dir='ltr'><strong>episcopum</strong></span> <span class='ocrx_word' id='word_1_110' title='bbox 1711 961 2024 1013; x_wconf 84' lang='lat' dir='ltr'><strong>Viburgensem,</strong></span> <span class='ocrx_word' id='word_1_111' title='bbox 2061 961 2245 1000; x_wconf 81' lang='lat' dir='ltr'>abbatem</span> <span class='ocrx_word' id='word_1_112' title='bbox 2276 962 2325 1002; x_wconf 92' lang='lat' dir='ltr'><strong>de</strong></span> <span class='ocrx_word' id='word_1_113' title='bbox 2356 962 2454 1002; x_wconf 89' lang='lat' dir='ltr'><strong>Cara</strong></span> <span class='ocrx_word' id='word_1_114' title='bbox 2485 950 2545 1003; x_wconf 88' lang='lat' dir='ltr'><strong>ln</strong></span> 
     </span>
     <span class='ocr_line' id='line_1_15' title="bbox 334 1030 2542 1092; baseline -0.008 -2"><span class='ocrx_word' id='word_1_115' title='bbox 334 1051 417 1090; x_wconf 85' lang='lat' dir='ltr'><strong>sula</strong></span> <span class='ocrx_word' id='word_1_116' title='bbox 448 1047 680 1087; x_wconf 83' lang='lat' dir='ltr'><strong>Arusicnsis</strong></span> <span class='ocrx_word' id='word_1_117' title='bbox 710 1042 928 1085; x_wconf 86' lang='lat' dir='ltr'><strong>dioecesis,</strong></span> <span class='ocrx_word' id='word_1_118' title='bbox 958 1042 998 1077; x_wconf 91' lang='lat' dir='ltr'><strong>et</strong></span> <span class='ocrx_word' id='word_1_119' title='bbox 1025 1038 1194 1090; x_wconf 87' lang='lat' dir='ltr'><strong>priorem</strong></span> <span class='ocrx_word' id='word_1_120' title='bbox 1224 1033 1384 1071; x_wconf 84' lang='lat' dir='ltr'>fratrum</span> <span class='ocrx_word' id='word_1_121' title='bbox 1414 1030 2032 1092; x_wconf 28' lang='lat' dir='ltr'><strong>praedicatorum*Arusiensium</strong></span> <span class='ocrx_word' id='word_1_122' title='bbox 2061 1031 2205 1079; x_wconf 86' lang='lat' dir='ltr'><strong>literae,</strong></span> <span class='ocrx_word' id='word_1_123' title='bbox 2247 1036 2292 1071; x_wconf 90' lang='lat' dir='ltr'><strong>ut</strong></span> <span class='ocrx_word' id='word_1_124' title='bbox 2321 1034 2542 1085; x_wconf 82' lang='lat' dir='ltr'><strong>negotium,</strong></span> 
     </span>
     <span class='ocr_line' id='line_1_16' title="bbox 332 1095 2543 1173; baseline -0.008 -14"><span class='ocrx_word' id='word_1_125' title='bbox 332 1120 437 1173; x_wconf 86' lang='lat' dir='ltr'><strong>quod</strong></span> <span class='ocrx_word' id='word_1_126' title='bbox 473 1116 628 1156; x_wconf 85' lang='lat' dir='ltr'><strong>duobus</strong></span> <span class='ocrx_word' id='word_1_127' title='bbox 665 1114 741 1152; x_wconf 86' lang='lat' dir='ltr'><strong>illis</strong></span> <span class='ocrx_word' id='word_1_128' title='bbox 778 1110 916 1163; x_wconf 88' lang='lat' dir='ltr'><strong>primis</strong></span> <span class='ocrx_word' id='word_1_129' title='bbox 953 1112 993 1146; x_wconf 90' lang='lat' dir='ltr'><strong>et</strong></span> <span class='ocrx_word' id='word_1_130' title='bbox 1030 1107 1220 1158; x_wconf 90' lang='lat' dir='ltr'><strong>episcopo</strong></span> <span class='ocrx_word' id='word_1_131' title='bbox 1251 1103 1497 1141; x_wconf 88' lang='lat' dir='ltr'><strong>Slesvicensi</strong></span> <span class='ocrx_word' id='word_1_132' title='bbox 1534 1102 1583 1141; x_wconf 89' lang='lat' dir='ltr'><strong>ab</strong></span> <span class='ocrx_word' id='word_1_133' title='bbox 1615 1095 1845 1142; x_wconf 80' lang='lat' dir='ltr'><strong>Innocentio</strong></span> <span class='ocrx_word' id='word_1_134' title='bbox 1882 1101 1972 1140; x_wconf 74' lang='lat' dir='ltr'><strong>1Vt⁰</strong></span> <span class='ocrx_word' id='word_1_135' title='bbox 2007 1103 2266 1141; x_wconf 89' lang='lat' dir='ltr'><strong>commissum</strong></span> <span class='ocrx_word' id='word_1_136' title='bbox 2302 1102 2450 1150; x_wconf 84' lang='lat' dir='ltr'><strong>fuerat,</strong></span> <span class='ocrx_word' id='word_1_137' title='bbox 2493 1104 2543 1143; x_wconf 90' lang='lat' dir='ltr'><strong>de</strong></span> 
     </span>
     <span class='ocr_line' id='line_1_17' title="bbox 331 1172 2543 1228; baseline -0.011 0"><span class='ocrx_word' id='word_1_138' title='bbox 331 1191 409 1228; x_wconf 87' lang='lat' dir='ltr'><strong>vita</strong></span> <span class='ocrx_word' id='word_1_139' title='bbox 439 1191 478 1226; x_wconf 87' lang='lat' dir='ltr'><strong>et</strong></span> <span class='ocrx_word' id='word_1_140' title='bbox 505 1182 703 1224; x_wconf 82' lang='lat' dir='ltr'><strong>miraculis</strong></span> <span class='ocrx_word' id='word_1_141' title='bbox 732 1179 888 1219; x_wconf 90' lang='lat' dir='ltr'><strong>Nicolai</strong></span> <span class='ocrx_word' id='word_1_142' title='bbox 918 1177 1057 1216; x_wconf 89' lang='lat' dir='ltr'><strong>Canuti</strong></span> <span class='ocrx_word' id='word_1_143' title='bbox 1096 1174 1162 1212; x_wconf 85' lang='lat' dir='ltr'><strong>filii</strong></span> <span class='ocrx_word' id='word_1_144' title='bbox 1193 1173 1409 1226; x_wconf 81' lang='lat' dir='ltr'><strong>inquirere,</strong></span> <span class='ocrx_word' id='word_1_145' title='bbox 1449 1186 1565 1226; x_wconf 88' lang='lat' dir='ltr'><strong>quam</strong></span> <span class='ocrx_word' id='word_1_146' title='bbox 1603 1174 1830 1211; x_wconf 84' lang='lat' dir='ltr'><strong>maturrime</strong></span> <span class='ocrx_word' id='word_1_147' title='bbox 1868 1172 2092 1226; x_wconf 83' lang='lat' dir='ltr'><strong>perficiant,</strong></span> <span class='ocrx_word' id='word_1_148' title='bbox 2135 1172 2287 1224; x_wconf 81' lang='lat' dir='ltr'><strong>collega</strong></span> <span class='ocrx_word' id='word_1_149' title='bbox 2321 1173 2374 1212; x_wconf 83' lang='lat' dir='ltr'><strong>iis</strong></span> <span class='ocrx_word' id='word_1_150' title='bbox 2407 1173 2543 1213; x_wconf 72' lang='lat' dir='ltr'><strong>addito</strong></span> 
     </span>
     <span class='ocr_line' id='line_1_18' title="bbox 328 1242 2542 1313; baseline -0.009 -15"><span class='ocrx_word' id='word_1_151' title='bbox 328 1259 445 1313; x_wconf 87' lang='lat' dir='ltr'><strong>priori</strong></span> <span class='ocrx_word' id='word_1_152' title='bbox 475 1252 732 1298; x_wconf 86' lang='lat' dir='ltr'><strong>Arhusiensi,</strong></span> <span class='ocrx_word' id='word_1_153' title='bbox 776 1262 864 1288; x_wconf 89' lang='lat' dir='ltr'><strong>cum</strong></span> <span class='ocrx_word' id='word_1_154' title='bbox 903 1248 1119 1299; x_wconf 88' lang='lat' dir='ltr'><strong>episcopus</strong></span> <span class='ocrx_word' id='word_1_155' title='bbox 1156 1243 1428 1282; x_wconf 88' lang='lat' dir='ltr'><strong>Slesvicensis</strong></span> <span class='ocrx_word' id='word_1_156' title='bbox 1467 1244 1617 1282; x_wconf 88' lang='lat' dir='ltr'><strong>interea</strong></span> <span class='ocrx_word' id='word_1_157' title='bbox 1653 1246 1833 1282; x_wconf 86' lang='lat' dir='ltr'><strong>mortuus</strong></span> <span class='ocrx_word' id='word_1_158' title='bbox 1869 1245 1994 1282; x_wconf 88' lang='lat' dir='ltr'><strong>esset.</strong></span> <span class='ocrx_word' id='word_1_159' title='bbox 2038 1264 2091 1270; x_wconf 90' lang='lat'><em>-</em></span> <span class='ocrx_word' id='word_1_160' title='bbox 2133 1242 2363 1292; x_wconf 79' lang='lat' dir='ltr'><strong>Laterani,</strong></span> <span class='ocrx_word' id='word_1_161' title='bbox 2409 1243 2542 1283; x_wconf 74' lang='lat' dir='ltr'><strong>idibus</strong></span> 
     </span>
    </p>
   </div>
   <div class='ocr_carea' id='block_1_10' title="bbox 327 1318 2542 1432">
    <p class='ocr_par' dir='ltr' id='par_1_10' title="bbox 327 1318 2542 1432">
     <span class='ocr_line' id='line_1_19' title="bbox 327 1318 997 1376; baseline -0.019 -9"><span class='ocrx_word' id='word_1_162' title='bbox 327 1325 531 1367; x_wconf 89' lang='lat' dir='ltr'><strong>Decembr.</strong></span> <span class='ocrx_word' id='word_1_163' title='bbox 561 1321 699 1376; x_wconf 85' lang='lat' dir='ltr'><strong>pontif.</strong></span> <span class='ocrx_word' id='word_1_164' title='bbox 729 1332 830 1358; x_wconf 89' lang='lat' dir='ltr'><strong>anno</strong></span> <span class='ocrx_word' id='word_1_165' title='bbox 859 1318 997 1370; x_wconf 89' lang='lat' dir='ltr'><strong>primo.</strong></span> 
     </span>
     <span class='ocr_line' id='line_1_20' title="bbox 714 1380 2542 1432; baseline -0.007 -10"><span class='ocrx_word' id='word_1_166' title='bbox 714 1388 886 1432; x_wconf 79' lang='lat' dir='ltr'><strong>Raynald.</strong></span> <span class='ocrx_word' id='word_1_167' title='bbox 912 1385 1045 1419; x_wconf 87' lang='lat' dir='ltr'><strong>Contin.</strong></span> <span class='ocrx_word' id='word_1_168' title='bbox 1071 1387 1195 1417; x_wconf 76' lang='lat' dir='ltr'><strong>Bar-on.</strong></span> <span class='ocrx_word' id='word_1_169' title='bbox 1221 1384 1262 1416; x_wconf 88' lang='lat' dir='ltr'><strong>ad</strong></span> <span class='ocrx_word' id='word_1_170' title='bbox 1287 1394 1363 1430; x_wconf 70' lang='lat' dir='ltr'><strong>ann.</strong></span> <span class='ocrx_word' id='word_1_171' title='bbox 1392 1382 1491 1415; x_wconf 81' lang='lat'><strong>1255.</strong></span> <span class='ocrx_word' id='word_1_172' title='bbox 1516 1383 1650 1416; x_wconf 87' lang='lat' dir='ltr'>XXVI.</span> <span class='ocrx_word' id='word_1_173' title='bbox 1675 1384 1771 1415; x_wconf 84' lang='lat' dir='ltr'><strong>Tom.</strong></span> <span class='ocrx_word' id='word_1_174' title='bbox 1796 1383 1841 1415; x_wconf 84' lang='grc' dir='ltr'><strong>ΙΙ.</strong></span> <span class='ocrx_word' id='word_1_175' title='bbox 1865 1393 1898 1425; x_wconf 87' lang='lat' dir='ltr'><strong>p.</strong></span> <span class='ocrx_word' id='word_1_176' title='bbox 1919 1382 1997 1415; x_wconf 85' lang='grc'><strong>528.</strong></span> <span class='ocrx_word' id='word_1_177' title='bbox 2022 1380 2098 1424; x_wconf 85' lang='lat' dir='ltr'><strong>(ubi</strong></span> <span class='ocrx_word' id='word_1_178' title='bbox 2121 1381 2353 1415; x_wconf 77' lang='lat' dir='ltr'><strong>literaemmns</strong></span> <span class='ocrx_word' id='word_1_179' title='bbox 2368 1383 2542 1418; x_wconf 67' lang='lat' dir='ltr'><strong>Ocronms</strong></span> 
     </span>
    </p>
   </div>
   <div class='ocr_carea' id='block_1_11' title="bbox 712 1443 2542 1553">
    <p class='ocr_par' dir='ltr' id='par_1_11' title="bbox 712 1443 2542 1553">
     <span class='ocr_line' id='line_1_21' title="bbox 716 1443 2542 1489; baseline -0.002 -6"><span class='ocrx_word' id='word_1_180' title='bbox 716 1451 803 1483; x_wconf 83' lang='lat' dir='ltr'><strong>datae</strong></span> <span class='ocrx_word' id='word_1_181' title='bbox 829 1459 906 1482; x_wconf 86' lang='lat' dir='ltr'><strong>esse</strong></span> <span class='ocrx_word' id='word_1_182' title='bbox 932 1447 1111 1489; x_wconf 80' lang='lat' dir='ltr'><strong>dicuntur3</strong></span> <span class='ocrx_word' id='word_1_183' title='bbox 1137 1447 1201 1478; x_wconf 84' lang='lat' dir='ltr'><strong>cfr.</strong></span> <span class='ocrx_word' id='word_1_184' title='bbox 1227 1445 1333 1478; x_wconf 86' lang='lat' dir='ltr'><strong>Suhm</strong></span> <span class='ocrx_word' id='word_1_185' title='bbox 1359 1444 1449 1477; x_wconf 78' lang='lat' dir='ltr'><strong>nist.</strong></span> <span class='ocrx_word' id='word_1_186' title='bbox 1476 1445 1517 1476; x_wconf 84' lang='lat' dir='ltr'><strong>af</strong></span> <span class='ocrx_word' id='word_1_187' title='bbox 1538 1445 1687 1476; x_wconf 89' lang='lat' dir='ltr'><strong>Danmk.</strong></span> <span class='ocrx_word' id='word_1_188' title='bbox 1712 1445 1757 1479; x_wconf 86' lang='lat' dir='ltr'><strong>X.</strong></span> <span class='ocrx_word' id='word_1_189' title='bbox 1783 1444 1899 1488; x_wconf 62' lang='lat'><strong>272).</strong></span> <span class='ocrx_word' id='word_1_190' title='bbox 1960 1443 2149 1476; x_wconf 83' lang='lat' dir='ltr'><strong>Thorkelin</strong></span> <span class='ocrx_word' id='word_1_191' title='bbox 2173 1444 2398 1487; x_wconf 82' lang='lat' dir='ltr'><strong>Diplomatar.</strong></span> <span class='ocrx_word' id='word_1_192' title='bbox 2422 1449 2542 1479; x_wconf 85' lang='lat' dir='ltr'><strong>Arna·</strong></span> 
     </span>
     <span class='ocr_line' id='line_1_22' title="bbox 712 1505 1761 1553; baseline -0.007 -9"><span class='ocrx_word' id='word_1_193' title='bbox 712 1514 828 1553; x_wconf 78' lang='lat' dir='ltr'><strong>Magn.</strong></span> <span class='ocrx_word' id='word_1_194' title='bbox 854 1510 881 1543; x_wconf 85' lang='lat'><strong>1.</strong></span> <span class='ocrx_word' id='word_1_195' title='bbox 912 1509 990 1542; x_wconf 86' lang='grc'><strong>203.</strong></span> <span class='ocrx_word' id='word_1_196' title='bbox 1038 1508 1223 1550; x_wconf 84' lang='lat' dir='ltr'><strong>Langcbek</strong></span> <span class='ocrx_word' id='word_1_197' title='bbox 1249 1506 1388 1550; x_wconf 82' lang='lat' dir='ltr'><strong>Scriptt.</strong></span> <span class='ocrx_word' id='word_1_198' title='bbox 1413 1507 1460 1539; x_wconf 92' lang='lat' dir='ltr'><strong>V.</strong></span> <span class='ocrx_word' id='word_1_199' title='bbox 1485 1506 1566 1539; x_wconf 84' lang='lat'><strong>310.</strong></span> <span class='ocrx_word' id='word_1_200' title='bbox 1591 1507 1655 1539; x_wconf 92' lang='lat' dir='ltr'><strong>VI.</strong></span> <span class='ocrx_word' id='word_1_201' title='bbox 1681 1505 1761 1538; x_wconf 87' lang='lat'>393.</span> 
     </span>
    </p>
   </div>
   <div class='ocr_carea' id='block_1_12' title="bbox 580 1566 2541 1624">
    <p class='ocr_par' dir='ltr' id='par_1_12' title="bbox 580 1566 2541 1624">
     <span class='ocr_line' id='line_1_23' title="bbox 580 1566 2541 1624; baseline -0.003 -10"><span class='ocrx_word' id='word_1_202' title='bbox 580 1575 709 1624; x_wconf 66' lang='lat'>[968]</span> <span class='ocrx_word' id='word_1_203' title='bbox 767 1573 1087 1612; x_wconf 71' lang='lat' dir='ltr'><strong>Cumsropnom</strong></span> <span class='ocrx_word' id='word_1_204' title='bbox 1119 1571 1225 1622; x_wconf 80' lang='lat' dir='ltr'><strong>regis</strong></span> <span class='ocrx_word' id='word_1_205' title='bbox 1254 1569 1374 1608; x_wconf 85' lang='lat' dir='ltr'><strong>literae</strong></span> <span class='ocrx_word' id='word_1_206' title='bbox 1404 1568 1455 1607; x_wconf 90' lang='lat' dir='ltr'><strong>ad</strong></span> <span class='ocrx_word' id='word_1_207' title='bbox 1482 1568 1750 1607; x_wconf 81' lang='lat' dir='ltr'><strong>Alexandrum</strong></span> <span class='ocrx_word' id='word_1_208' title='bbox 1778 1580 1945 1620; x_wconf 81' lang='lat' dir='ltr'><strong>papam,</strong></span> <span class='ocrx_word' id='word_1_209' title='bbox 1975 1566 2025 1606; x_wconf 86' lang='lat' dir='ltr'><strong>de</strong></span> <span class='ocrx_word' id='word_1_210' title='bbox 2055 1567 2283 1606; x_wconf 82' lang='lat' dir='ltr'><strong>fundatione</strong></span> <span class='ocrx_word' id='word_1_211' title='bbox 2312 1569 2541 1608; x_wconf 88' lang='lat' dir='ltr'><strong>monasterii</strong></span> 
     </span>
    </p>
   </div>
   <div class='ocr_carea' id='block_1_13' title="bbox 324 1639 2357 1755">
    <p class='ocr_par' dir='ltr' id='par_1_13' title="bbox 324 1639 2357 1755">
     <span class='ocr_line' id='line_1_24' title="bbox 324 1639 1652 1691; baseline -0.011 -1"><span class='ocrx_word' id='word_1_212' title='bbox 324 1648 607 1691; x_wconf 83' lang='lat' dir='ltr'><strong>Roskildensis</strong></span> <span class='ocrx_word' id='word_1_213' title='bbox 633 1657 810 1685; x_wconf 89' lang='lat' dir='ltr'><strong>sororum</strong></span> <span class='ocrx_word' id='word_1_214' title='bbox 839 1641 878 1681; x_wconf 94' lang='lat' dir='ltr'><strong>b.</strong></span> <span class='ocrx_word' id='word_1_215' title='bbox 907 1641 1107 1680; x_wconf 87' lang='lat' dir='ltr'><strong>Francisci</strong></span> <span class='ocrx_word' id='word_1_216' title='bbox 1139 1640 1300 1679; x_wconf 85' lang='lat' dir='ltr'><strong>ordinis.</strong></span> <span class='ocrx_word' id='word_1_217' title='bbox 1335 1661 1380 1666; x_wconf 93' lang='lat'>—</span> <span class='ocrx_word' id='word_1_218' title='bbox 1413 1639 1508 1677; x_wconf 88' lang='lat' dir='ltr'><strong>Sine</strong></span> <span class='ocrx_word' id='word_1_219' title='bbox 1537 1652 1652 1677; x_wconf 89' lang='lat' dir='ltr'><strong>anno.</strong></span> 
     </span>
     <span class='ocr_line' id='line_1_25' title="bbox 714 1701 2357 1755; baseline -0.003 -9"><span class='ocrx_word' id='word_1_220' title='bbox 714 1712 900 1746; x_wconf 85' lang='lat' dir='ltr'><strong>Thorkelin</strong></span> <span class='ocrx_word' id='word_1_221' title='bbox 924 1711 1145 1755; x_wconf 84' lang='lat' dir='ltr'><strong>Diplomatar.</strong></span> <span class='ocrx_word' id='word_1_222' title='bbox 1169 1712 1412 1751; x_wconf 81' lang='lat' dir='ltr'><strong>Arna-Magn.</strong></span> <span class='ocrx_word' id='word_1_223' title='bbox 1439 1710 1466 1742; x_wconf 93' lang='lat' dir='ltr'><strong>l.</strong></span> <span class='ocrx_word' id='word_1_224' title='bbox 1492 1709 1572 1741; x_wconf 77' lang='grc'><strong>204.</strong></span> <span class='ocrx_word' id='word_1_225' title='bbox 1621 1709 1695 1741; x_wconf 82' lang='lat' dir='ltr'><strong>Cfr.</strong></span> <span class='ocrx_word' id='word_1_226' title='bbox 1721 1708 1826 1741; x_wconf 83' lang='lat' dir='ltr'><strong>Suhm</strong></span> <span class='ocrx_word' id='word_1_227' title='bbox 1851 1707 1942 1740; x_wconf 81' lang='lat' dir='ltr'><strong>nist.</strong></span> <span class='ocrx_word' id='word_1_228' title='bbox 1969 1708 2011 1740; x_wconf 80' lang='lat' dir='ltr'><strong>af</strong></span> <span class='ocrx_word' id='word_1_229' title='bbox 2029 1701 2179 1741; x_wconf 84' lang='lat' dir='ltr'><strong>Danmk.</strong></span> <span class='ocrx_word' id='word_1_230' title='bbox 2206 1709 2251 1741; x_wconf 83' lang='lat' dir='ltr'><strong>X.</strong></span> <span class='ocrx_word' id='word_1_231' title='bbox 2277 1707 2357 1741; x_wconf 91' lang='grc'><strong>270.</strong></span> 
     </span>
    </p>
   </div>
   <div class='ocr_carea' id='block_1_14' title="bbox 583 1769 2540 1827">
    <p class='ocr_par' dir='ltr' id='par_1_14' title="bbox 583 1769 2540 1827">
     <span class='ocr_line' id='line_1_26' title="bbox 583 1769 2540 1827; baseline -0.004 -11"><span class='ocrx_word' id='word_1_232' title='bbox 583 1777 711 1827; x_wconf 86' lang='grc'><strong>[969.]</strong></span> <span class='ocrx_word' id='word_1_233' title='bbox 768 1776 871 1814; x_wconf 83' lang='lat' dir='ltr'><strong>Acta</strong></span> <span class='ocrx_word' id='word_1_234' title='bbox 900 1773 1058 1826; x_wconf 88' lang='lat' dir='ltr'><strong>capituli</strong></span> <span class='ocrx_word' id='word_1_235' title='bbox 1089 1772 1284 1825; x_wconf 83' lang='lat' dir='ltr'><strong>generalis</strong></span> <span class='ocrx_word' id='word_1_236' title='bbox 1315 1771 1462 1811; x_wconf 86' lang='lat' dir='ltr'><strong>ordinis</strong></span> <span class='ocrx_word' id='word_1_237' title='bbox 1484 1770 1811 1810; x_wconf 86' lang='lat' dir='ltr'><strong>Praedicatorum:</strong></span> <span class='ocrx_word' id='word_1_238' title='bbox 1870 1769 1890 1820; x_wconf 80' lang='lat'><strong>§</strong></span> <span class='ocrx_word' id='word_1_239' title='bbox 1920 1769 1985 1808; x_wconf 75' lang='lat'><strong>22.</strong></span> <span class='ocrx_word' id='word_1_240' title='bbox 2015 1769 2310 1809; x_wconf 89' lang='lat' dir='ltr'><strong>“Concedimus</strong></span> <span class='ocrx_word' id='word_1_241' title='bbox 2332 1770 2540 1823; x_wconf 84' lang='lat' dir='ltr'><strong>provinciae</strong></span> 
     </span>
    </p>
   </div>
   <div class='ocr_carea' id='block_1_15' title="bbox 322 1839 2111 1950">
    <p class='ocr_par' dir='ltr' id='par_1_15' title="bbox 322 1839 2111 1950">
     <span class='ocr_line' id='line_1_27' title="bbox 322 1839 2111 1892; baseline -0.007 0"><span class='ocrx_word' id='word_1_242' title='bbox 322 1852 491 1892; x_wconf 82' lang='lat' dir='ltr'><strong>Franciae</strong></span> <span class='ocrx_word' id='word_1_243' title='bbox 519 1862 636 1889; x_wconf 83' lang='lat' dir='ltr'><strong>unam</strong></span> <span class='ocrx_word' id='word_1_244' title='bbox 666 1847 836 1886; x_wconf 87' lang='lat' dir='ltr'><strong>domum.</strong></span> <span class='ocrx_word' id='word_1_245' title='bbox 866 1867 916 1872; x_wconf 98' lang='lat'><strong>—</strong></span> <span class='ocrx_word' id='word_1_246' title='bbox 946 1866 998 1872; x_wconf 91' lang='lat'>—</span> <span class='ocrx_word' id='word_1_247' title='bbox 1028 1842 1125 1882; x_wconf 82' lang='lat' dir='ltr'><strong>Item</strong></span> <span class='ocrx_word' id='word_1_248' title='bbox 1157 1854 1398 1881; x_wconf 66' lang='lat' dir='ltr'><strong>Pnovmclffix</strong></span> <span class='ocrx_word' id='word_1_249' title='bbox 1428 1841 1581 1880; x_wconf 66' lang='lat' dir='ltr'><strong>Dacfflr</strong></span> <span class='ocrx_word' id='word_1_250' title='bbox 1610 1840 1750 1879; x_wconf 89' lang='lat' dir='ltr'><strong>duas’&#39;.</strong></span> <span class='ocrx_word' id='word_1_251' title='bbox 1781 1862 1830 1867; x_wconf 93' lang='lat'>—</span> <span class='ocrx_word' id='word_1_252' title='bbox 1861 1839 2111 1880; x_wconf 76' lang='lat' dir='ltr'><strong>Mediolani.</strong></span> 
     </span>
     <span class='ocr_line' id='line_1_28' title="bbox 708 1909 1914 1950; baseline -0.007 0"><span class='ocrx_word' id='word_1_253' title='bbox 708 1919 865 1950; x_wconf 85' lang='lat' dir='ltr'><strong>Martene</strong></span> <span class='ocrx_word' id='word_1_254' title='bbox 890 1918 923 1948; x_wconf 85' lang='lat' dir='ltr'><strong>et</strong></span> <span class='ocrx_word' id='word_1_255' title='bbox 944 1913 1095 1948; x_wconf 71' lang='lat' dir='ltr'><strong>Dur-and.</strong></span> <span class='ocrx_word' id='word_1_256' title='bbox 1121 1913 1290 1946; x_wconf 82' lang='lat' dir='ltr'><strong>Thesaur.</strong></span> <span class='ocrx_word' id='word_1_257' title='bbox 1315 1922 1391 1944; x_wconf 91' lang='lat' dir='ltr'><strong>nov.</strong></span> <span class='ocrx_word' id='word_1_258' title='bbox 1412 1912 1578 1945; x_wconf 83' lang='lat' dir='ltr'><strong>Anecdot.</strong></span> <span class='ocrx_word' id='word_1_259' title='bbox 1603 1913 1699 1943; x_wconf 87' lang='lat' dir='ltr'><strong>Tom.</strong></span> <span class='ocrx_word' id='word_1_260' title='bbox 1723 1911 1786 1943; x_wconf 88' lang='lat' dir='ltr'><strong>1v.</strong></span> <span class='ocrx_word' id='word_1_261' title='bbox 1815 1909 1914 1942; x_wconf 88' lang='grc'><strong>1706.</strong></span> 
     </span>
    </p>
   </div>
   <div class='ocr_carea' id='block_1_16' title="bbox 97 2043 2536 2339">
    <p class='ocr_par' dir='ltr' id='par_1_16' title="bbox 97 2043 2536 2339">
     <span class='ocr_line' id='line_1_29' title="bbox 135 2043 1497 2111; baseline -0.014 0"><span class='ocrx_word' id='word_1_262' title='bbox 135 2070 249 2111; x_wconf 78' lang='lat'><strong>1256.</strong></span> <span class='ocrx_word' id='word_1_263' title='bbox 1350 2043 1497 2094; x_wconf 76' lang='lat'><strong>1256.</strong></span> 
     </span>
     <span class='ocr_line' id='line_1_30' title="bbox 97 2141 2536 2200; baseline -0.002 -14"><span class='ocrx_word' id='word_1_264' title='bbox 97 2156 130 2186; x_wconf 84' lang='lat'><strong>6.</strong></span> <span class='ocrx_word' id='word_1_265' title='bbox 163 2154 288 2188; x_wconf 78' lang='lat' dir='ltr'><strong>Martii.</strong></span> <span class='ocrx_word' id='word_1_266' title='bbox 583 2149 711 2200; x_wconf 65' lang='lat'>[970]</span> <span class='ocrx_word' id='word_1_267' title='bbox 769 2148 1005 2188; x_wconf 76' lang='lat' dir='ltr'><strong>constitutio</strong></span> <span class='ocrx_word' id='word_1_268' title='bbox 1035 2146 1156 2186; x_wconf 80' lang='lat' dir='ltr'><strong>“CUM</strong></span> <span class='ocrx_word' id='word_1_269' title='bbox 1187 2157 1401 2185; x_wconf 39' lang='lat' dir='ltr'><strong>accmsms</strong></span> <span class='ocrx_word' id='word_1_270' title='bbox 1420 2142 1668 2189; x_wconf 75' lang='lat' dir='ltr'><strong>DACIANA&#39;&#39;,</strong></span> <span class='ocrx_word' id='word_1_271' title='bbox 1698 2142 1784 2181; x_wconf 89' lang='lat' dir='ltr'><strong>sive</strong></span> <span class='ocrx_word' id='word_1_272' title='bbox 1807 2143 2013 2182; x_wconf 88' lang='lat' dir='ltr'><strong>conventio</strong></span> <span class='ocrx_word' id='word_1_273' title='bbox 2038 2141 2314 2194; x_wconf 86' lang='lat' dir='ltr'><strong>episcoporum</strong></span> <span class='ocrx_word' id='word_1_274' title='bbox 2340 2142 2377 2180; x_wconf 88' lang='lat' dir='ltr'><strong>in</strong></span> <span class='ocrx_word' id='word_1_275' title='bbox 2392 2141 2536 2190; x_wconf 87' lang='lat' dir='ltr'><strong>Dania,</strong></span> 
     </span>
     <span class='ocr_line' id='line_1_31' title="bbox 320 2211 2536 2275; baseline -0.005 -13"><span class='ocrx_word' id='word_1_276' title='bbox 320 2225 356 2262; x_wconf 91' lang='lat' dir='ltr'><strong>in</strong></span> <span class='ocrx_word' id='word_1_277' title='bbox 388 2221 552 2262; x_wconf 87' lang='lat' dir='ltr'><strong>concilio</strong></span> <span class='ocrx_word' id='word_1_278' title='bbox 581 2219 807 2274; x_wconf 86' lang='lat' dir='ltr'><strong>provinciali</strong></span> <span class='ocrx_word' id='word_1_279' title='bbox 836 2218 956 2265; x_wconf 88' lang='lat' dir='ltr'><strong>facta,</strong></span> <span class='ocrx_word' id='word_1_280' title='bbox 985 2217 1034 2256; x_wconf 88' lang='lat' dir='ltr'><strong>de</strong></span> <span class='ocrx_word' id='word_1_281' title='bbox 1065 2218 1278 2275; x_wconf 80' lang='lat' dir='ltr'><strong>securitate</strong></span> <span class='ocrx_word' id='word_1_282' title='bbox 1308 2215 1588 2268; x_wconf 90' lang='lat' dir='ltr'><strong>episcoporum</strong></span> <span class='ocrx_word' id='word_1_283' title='bbox 1619 2212 1654 2250; x_wconf 91' lang='lat' dir='ltr'><strong>in</strong></span> <span class='ocrx_word' id='word_1_284' title='bbox 1684 2226 1805 2264; x_wconf 89' lang='lat' dir='ltr'><strong>regno</strong></span> <span class='ocrx_word' id='word_1_285' title='bbox 1833 2213 1968 2251; x_wconf 83' lang='lat' dir='ltr'><strong>Daniae</strong></span> <span class='ocrx_word' id='word_1_286' title='bbox 2000 2211 2156 2258; x_wconf 85' lang='lat' dir='ltr'><strong>tuenda,</strong></span> <span class='ocrx_word' id='word_1_287' title='bbox 2187 2215 2227 2249; x_wconf 88' lang='lat' dir='ltr'><strong>et</strong></span> <span class='ocrx_word' id='word_1_288' title='bbox 2256 2212 2421 2264; x_wconf 86' lang='lat' dir='ltr'><strong>injuriis,</strong></span> <span class='ocrx_word' id='word_1_289' title='bbox 2451 2225 2536 2265; x_wconf 85' lang='lat' dir='ltr'><strong>quae</strong></span> 
     </span>
     <span class='ocr_line' id='line_1_32' title="bbox 325 2281 2535 2339; baseline -0.005 -6"><span class='ocrx_word' id='word_1_290' title='bbox 325 2294 375 2333; x_wconf 89' lang='lat' dir='ltr'><strong>iis</strong></span> <span class='ocrx_word' id='word_1_291' title='bbox 405 2293 575 2332; x_wconf 87' lang='lat' dir='ltr'><strong>sortasse</strong></span> <span class='ocrx_word' id='word_1_292' title='bbox 605 2290 853 2336; x_wconf 89' lang='lat' dir='ltr'><strong>inferrentur,</strong></span> <span class='ocrx_word' id='word_1_293' title='bbox 883 2289 968 2327; x_wconf 87' lang='lat' dir='ltr'><strong>sive</strong></span> <span class='ocrx_word' id='word_1_294' title='bbox 998 2301 1021 2326; x_wconf 91' lang='lat' dir='ltr'><strong>a</strong></span> <span class='ocrx_word' id='word_1_295' title='bbox 1050 2301 1141 2339; x_wconf 80' lang='lat' dir='ltr'><strong>rege</strong></span> <span class='ocrx_word' id='word_1_296' title='bbox 1171 2287 1255 2325; x_wconf 88' lang='lat' dir='ltr'><strong>sive</strong></span> <span class='ocrx_word' id='word_1_297' title='bbox 1284 2285 1333 2324; x_wconf 90' lang='lat' dir='ltr'><strong>ab</strong></span> <span class='ocrx_word' id='word_1_298' title='bbox 1363 2285 1473 2330; x_wconf 81' lang='lat' dir='ltr'><strong>aliis,</strong></span> <span class='ocrx_word' id='word_1_299' title='bbox 1503 2281 1751 2322; x_wconf 84' lang='lat' dir='ltr'><strong>cohibendis.</strong></span> <span class='ocrx_word' id='word_1_300' title='bbox 1783 2305 1832 2311; x_wconf 92' lang='lat'><strong>—</strong></span> <span class='ocrx_word' id='word_1_301' title='bbox 1863 2282 1946 2332; x_wconf 88' lang='lat' dir='ltr'><strong>(W</strong></span> <span class='ocrx_word' id='word_1_302' title='bbox 1943 2283 2090 2328; x_wconf 78' lang='lat' dir='ltr'><strong>edeloe,</strong></span> <span class='ocrx_word' id='word_1_303' title='bbox 2127 2281 2226 2334; x_wconf 89' lang='lat' dir='ltr'><strong>prid.</strong></span> <span class='ocrx_word' id='word_1_304' title='bbox 2254 2295 2344 2319; x_wconf 90' lang='lat' dir='ltr'><strong>non.</strong></span> <span class='ocrx_word' id='word_1_305' title='bbox 2373 2281 2535 2330; x_wconf 90' lang='lat' dir='ltr'><strong>Martii).</strong></span> 
     </span>
    </p>
   </div>
   <div class='ocr_carea' id='block_1_17' title="bbox 704 2350 2537 2649">
    <p class='ocr_par' dir='ltr' id='par_1_17' title="bbox 704 2350 2537 2649">
     <span class='ocr_line' id='line_1_33' title="bbox 704 2350 2536 2403; baseline -0.004 -11"><span class='ocrx_word' id='word_1_306' title='bbox 704 2359 873 2403; x_wconf 84' lang='lat' dir='ltr'><strong>Raynald.</strong></span> <span class='ocrx_word' id='word_1_307' title='bbox 898 2358 1032 2392; x_wconf 86' lang='lat' dir='ltr'><strong>Contin.</strong></span> <span class='ocrx_word' id='word_1_308' title='bbox 1057 2360 1180 2390; x_wconf 86' lang='lat' dir='ltr'><strong>Baron.</strong></span> <span class='ocrx_word' id='word_1_309' title='bbox 1206 2357 1250 2389; x_wconf 84' lang='lat' dir='ltr'><strong>ad</strong></span> <span class='ocrx_word' id='word_1_310' title='bbox 1276 2367 1353 2388; x_wconf 87' lang='lat' dir='ltr'><strong>ann.</strong></span> <span class='ocrx_word' id='word_1_311' title='bbox 1381 2355 1480 2387; x_wconf 87' lang='grc'><strong>1257.</strong></span> <span class='ocrx_word' id='word_1_312' title='bbox 1508 2353 1796 2386; x_wconf 84' lang='lat' dir='ltr'><strong>XXIX—XXX.</strong></span> <span class='ocrx_word' id='word_1_313' title='bbox 1819 2354 1912 2385; x_wconf 87' lang='lat' dir='ltr'><strong>Tom.</strong></span> <span class='ocrx_word' id='word_1_314' title='bbox 1936 2353 1996 2385; x_wconf 86' lang='lat'><strong>111.</strong></span> <span class='ocrx_word' id='word_1_315' title='bbox 2011 2363 2042 2395; x_wconf 87' lang='lat' dir='ltr'><strong>p.</strong></span> <span class='ocrx_word' id='word_1_316' title='bbox 2063 2350 2189 2383; x_wconf 84' lang='lat'><strong>9-10.</strong></span> <span class='ocrx_word' id='word_1_317' title='bbox 2237 2351 2353 2384; x_wconf 83' lang='lat' dir='ltr'><strong>Mansi</strong></span> <span class='ocrx_word' id='word_1_318' title='bbox 2379 2351 2536 2384; x_wconf 81' lang='lat' dir='ltr'><strong>collectio</strong></span> 
     </span>
     <span class='ocr_line' id='line_1_34' title="bbox 706 2412 2537 2459; baseline -0.005 -5"><span class='ocrx_word' id='word_1_319' title='bbox 706 2421 882 2455; x_wconf 84' lang='lat' dir='ltr'><strong>concilior.</strong></span> <span class='ocrx_word' id='word_1_320' title='bbox 908 2422 1001 2454; x_wconf 85' lang='lat' dir='ltr'><strong>Tom.</strong></span> <span class='ocrx_word' id='word_1_321' title='bbox 1030 2420 1159 2452; x_wconf 89' lang='lat' dir='ltr'><strong>XXIII.</strong></span> <span class='ocrx_word' id='word_1_322' title='bbox 1189 2417 1361 2451; x_wconf 85' lang='grc'><strong>945-46.</strong></span> <span class='ocrx_word' id='word_1_323' title='bbox 1411 2415 1547 2459; x_wconf 81' lang='lat' dir='ltr'><strong>Cypraei</strong></span> <span class='ocrx_word' id='word_1_324' title='bbox 1571 2414 1696 2447; x_wconf 85' lang='lat' dir='ltr'><strong>Annal.</strong></span> <span class='ocrx_word' id='word_1_325' title='bbox 1726 2414 1913 2457; x_wconf 84' lang='lat' dir='ltr'><strong>episcopor.</strong></span> <span class='ocrx_word' id='word_1_326' title='bbox 1947 2412 2090 2446; x_wconf 81' lang='lat' dir='ltr'><strong>Slesvic.</strong></span> <span class='ocrx_word' id='word_1_327' title='bbox 2116 2423 2147 2455; x_wconf 91' lang='lat' dir='ltr'><strong>p.</strong></span> <span class='ocrx_word' id='word_1_328' title='bbox 2169 2413 2319 2445; x_wconf 82' lang='lat'><strong>302—3.</strong></span> <span class='ocrx_word' id='word_1_329' title='bbox 2368 2413 2537 2446; x_wconf 80' lang='lat' dir='ltr'><strong>Hvitfeldt</strong></span> 
     </span>
     <span class='ocr_line' id='line_1_35' title="bbox 707 2470 2534 2524; baseline -0.004 -9"><span class='ocrx_word' id='word_1_330' title='bbox 707 2482 952 2523; x_wconf 79' lang='lat' dir='ltr'><strong>Danm.Riges</strong></span> <span class='ocrx_word' id='word_1_331' title='bbox 965 2483 1071 2514; x_wconf 73' lang='lat' dir='ltr'><strong>Krijn.</strong></span> <span class='ocrx_word' id='word_1_332' title='bbox 1096 2492 1128 2524; x_wconf 84' lang='lat' dir='ltr'><strong>p.</strong></span> <span class='ocrx_word' id='word_1_333' title='bbox 1154 2480 1233 2512; x_wconf 86' lang='grc'><strong>449.</strong></span> <span class='ocrx_word' id='word_1_334' title='bbox 1282 2478 1469 2520; x_wconf 77' lang='lat' dir='ltr'><strong>Langebek</strong></span> <span class='ocrx_word' id='word_1_335' title='bbox 1494 2476 1636 2519; x_wconf 85' lang='lat' dir='ltr'><strong>Scriptt.</strong></span> <span class='ocrx_word' id='word_1_336' title='bbox 1661 2477 1707 2508; x_wconf 89' lang='lat' dir='ltr'><strong>V.</strong></span> <span class='ocrx_word' id='word_1_337' title='bbox 1733 2476 1813 2509; x_wconf 86' lang='lat'><strong>601.</strong></span> <span class='ocrx_word' id='word_1_338' title='bbox 1838 2470 1931 2509; x_wconf 47' lang='lat' dir='ltr'><strong>Vll}</strong></span> <span class='ocrx_word' id='word_1_339' title='bbox 1954 2474 2029 2507; x_wconf 90' lang='lat'><strong>131.</strong></span> <span class='ocrx_word' id='word_1_340' title='bbox 2078 2473 2312 2517; x_wconf 87' lang='lat' dir='ltr'><strong>Pontoppidan</strong></span> <span class='ocrx_word' id='word_1_341' title='bbox 2337 2476 2425 2507; x_wconf 77' lang='lat' dir='ltr'><strong>Ann.</strong></span> <span class='ocrx_word' id='word_1_342' title='bbox 2451 2474 2534 2508; x_wconf 83' lang='lat' dir='ltr'><strong>eccl.</strong></span> 
     </span>
     <span class='ocr_line' id='line_1_36' title="bbox 705 2535 2534 2583; baseline -0.004 -7"><span class='ocrx_word' id='word_1_343' title='bbox 705 2545 791 2577; x_wconf 83' lang='lat' dir='ltr'><strong>Dan.</strong></span> <span class='ocrx_word' id='word_1_344' title='bbox 816 2545 842 2577; x_wconf 95' lang='lat'><strong>1.</strong></span> <span class='ocrx_word' id='word_1_345' title='bbox 867 2544 946 2577; x_wconf 86' lang='lat'><strong>681.</strong></span> <span class='ocrx_word' id='word_1_346' title='bbox 1005 2546 1146 2576; x_wconf 75' lang='lat' dir='ltr'><strong>Miinter</strong></span> <span class='ocrx_word' id='word_1_347' title='bbox 1175 2545 1269 2583; x_wconf 80' lang='lat' dir='ltr'><strong>Mag.</strong></span> <span class='ocrx_word' id='word_1_348' title='bbox 1307 2541 1365 2573; x_wconf 76' lang='lat' dir='ltr'><strong>fiir</strong></span> <span class='ocrx_word' id='word_1_349' title='bbox 1395 2538 1666 2580; x_wconf 81' lang='lat' dir='ltr'><strong>Kirchengeseh.</strong></span> <span class='ocrx_word' id='word_1_350' title='bbox 1699 2539 1727 2571; x_wconf 91' lang='lat'><strong>1.</strong></span> <span class='ocrx_word' id='word_1_351' title='bbox 1764 2536 1928 2571; x_wconf 86' lang='grc'><strong>121-22,</strong></span> <span class='ocrx_word' id='word_1_352' title='bbox 1955 2537 1957 2540; x_wconf 75' lang='grc'><em>’</em></span> <span class='ocrx_word' id='word_1_353' title='bbox 1989 2537 2074 2568; x_wconf 84' lang='lat' dir='ltr'><strong>Dan.</strong></span> <span class='ocrx_word' id='word_1_354' title='bbox 2100 2535 2240 2578; x_wconf 81' lang='lat' dir='ltr'><strong>interpr.</strong></span> <span class='ocrx_word' id='word_1_355' title='bbox 2273 2546 2325 2578; x_wconf 84' lang='lat' dir='ltr'><strong>ap.</strong></span> <span class='ocrx_word' id='word_1_356' title='bbox 2351 2535 2534 2579; x_wconf 82' lang='lat' dir='ltr'><strong>Hvitfeldt,</strong></span> 
     </span>
     <span class='ocr_line' id='line_1_37' title="bbox 705 2597 2533 2649; baseline -0.005 -10"><span class='ocrx_word' id='word_1_357' title='bbox 705 2605 729 2638; x_wconf 90' lang='lat' dir='ltr'><strong>l.</strong></span> <span class='ocrx_word' id='word_1_358' title='bbox 757 2616 784 2638; x_wconf 89' lang='lat' dir='ltr'><strong>c.</strong></span> <span class='ocrx_word' id='word_1_359' title='bbox 810 2617 841 2648; x_wconf 86' lang='lat' dir='ltr'><strong>p.</strong></span> <span class='ocrx_word' id='word_1_360' title='bbox 866 2606 945 2638; x_wconf 87' lang='grc'><strong>244.</strong></span> <span class='ocrx_word' id='word_1_361' title='bbox 970 2616 1023 2649; x_wconf 85' lang='lat' dir='ltr'><strong>ap.</strong></span> <span class='ocrx_word' id='word_1_362' title='bbox 1048 2605 1210 2647; x_wconf 80' lang='lat' dir='ltr'><strong>Holberg,</strong></span> <span class='ocrx_word' id='word_1_363' title='bbox 1236 2605 1360 2636; x_wconf 81' lang='lat' dir='ltr'><strong>Danm.</strong></span> <span class='ocrx_word' id='word_1_364' title='bbox 1388 2601 1479 2634; x_wconf 79' lang='lat' dir='ltr'><strong>nist.</strong></span> <span class='ocrx_word' id='word_1_365' title='bbox 1504 2602 1531 2633; x_wconf 95' lang='lat' dir='ltr'><strong>I.</strong></span> <span class='ocrx_word' id='word_1_366' title='bbox 1552 2600 1724 2633; x_wconf 77' lang='lat'><strong>329—30.</strong></span> <span class='ocrx_word' id='word_1_367' title='bbox 1749 2602 1782 2631; x_wconf 89' lang='lat' dir='ltr'><strong>et</strong></span> <span class='ocrx_word' id='word_1_368' title='bbox 1805 2598 1923 2640; x_wconf 77' lang='lat' dir='ltr'><strong>Suhm,</strong></span> <span class='ocrx_word' id='word_1_369' title='bbox 1948 2598 2039 2630; x_wconf 86' lang='lat' dir='ltr'><strong>Hist.</strong></span> <span class='ocrx_word' id='word_1_370' title='bbox 2065 2597 2106 2629; x_wconf 79' lang='lat' dir='ltr'><strong>af</strong></span> <span class='ocrx_word' id='word_1_371' title='bbox 2128 2597 2275 2629; x_wconf 89' lang='lat' dir='ltr'><strong>Danmk.</strong></span> <span class='ocrx_word' id='word_1_372' title='bbox 2289 2598 2335 2630; x_wconf 91' lang='lat' dir='ltr'><strong>X.</strong></span> <span class='ocrx_word' id='word_1_373' title='bbox 2361 2597 2533 2630; x_wconf 82' lang='grc'><strong>282-83.</strong></span> 
     </span>
    </p>
   </div>
   <div class='ocr_carea' id='block_1_18' title="bbox 72 2669 2533 2867">
    <p class='ocr_par' dir='ltr' id='par_1_18' title="bbox 72 2669 2533 2867">
     <span class='ocr_line' id='line_1_38' title="bbox 72 2669 2533 2728; baseline -0.003 -11"><span class='ocrx_word' id='word_1_374' title='bbox 72 2683 120 2714; x_wconf 85' lang='grc'><strong>17.</strong></span> <span class='ocrx_word' id='word_1_375' title='bbox 153 2684 291 2726; x_wconf 67' lang='lat' dir='ltr'><strong>Aprilis.</strong></span> <span class='ocrx_word' id='word_1_376' title='bbox 579 2678 699 2728; x_wconf 65' lang='lat'>[971]</span> <span class='ocrx_word' id='word_1_377' title='bbox 755 2679 906 2718; x_wconf 79' lang='lat' dir='ltr'><strong>JAcoru</strong></span> <span class='ocrx_word' id='word_1_378' title='bbox 935 2678 1149 2725; x_wconf 71' lang='lat' dir='ltr'><strong>ERLANnr,</strong></span> <span class='ocrx_word' id='word_1_379' title='bbox 1179 2675 1465 2728; x_wconf 85' lang='lat' dir='ltr'><strong>archiepiscopi</strong></span> <span class='ocrx_word' id='word_1_380' title='bbox 1489 2673 1733 2719; x_wconf 89' lang='lat' dir='ltr'><strong>Lundensis,</strong></span> <span class='ocrx_word' id='word_1_381' title='bbox 1762 2671 1880 2710; x_wconf 82' lang='lat' dir='ltr'><strong>literae</strong></span> <span class='ocrx_word' id='word_1_382' title='bbox 1904 2670 2129 2710; x_wconf 86' lang='lat' dir='ltr'><strong>donationis</strong></span> <span class='ocrx_word' id='word_1_383' title='bbox 2153 2669 2344 2708; x_wconf 88' lang='lat' dir='ltr'><strong>bonorum</strong></span> <span class='ocrx_word' id='word_1_384' title='bbox 2370 2683 2533 2710; x_wconf 87' lang='lat' dir='ltr'><strong>suorum</strong></span> 
     </span>
     <span class='ocr_line' id='line_1_39' title="bbox 325 2739 2532 2800; baseline -0.004 -15"><span class='ocrx_word' id='word_1_385' title='bbox 325 2748 493 2786; x_wconf 90' lang='lat' dir='ltr'><strong>omnium</strong></span> <span class='ocrx_word' id='word_1_386' title='bbox 523 2748 560 2785; x_wconf 88' lang='lat' dir='ltr'><strong>in</strong></span> <span class='ocrx_word' id='word_1_387' title='bbox 589 2747 826 2800; x_wconf 86' lang='lat' dir='ltr'><strong>Howostorp</strong></span> <span class='ocrx_word' id='word_1_388' title='bbox 857 2752 897 2787; x_wconf 91' lang='lat' dir='ltr'><strong>et</strong></span> <span class='ocrx_word' id='word_1_389' title='bbox 924 2747 1174 2800; x_wconf 88' lang='lat' dir='ltr'><strong>Davsthorp,</strong></span> <span class='ocrx_word' id='word_1_390' title='bbox 1204 2744 1418 2785; x_wconf 84' lang='lat' dir='ltr'><strong>Saeraesleff</strong></span> <span class='ocrx_word' id='word_1_391' title='bbox 1443 2748 1483 2784; x_wconf 89' lang='lat' dir='ltr'><strong>et</strong></span> <span class='ocrx_word' id='word_1_392' title='bbox 1510 2743 1717 2794; x_wconf 80' lang='lat' dir='ltr'><strong>Hwitingy</strong></span> <span class='ocrx_word' id='word_1_393' title='bbox 1745 2745 1888 2787; x_wconf 78' lang='lat' dir='ltr'><strong>n6rrae,</strong></span> <span class='ocrx_word' id='word_1_394' title='bbox 1917 2739 2209 2791; x_wconf 89' lang='lat' dir='ltr'><strong>molendinique</strong></span> <span class='ocrx_word' id='word_1_395' title='bbox 2238 2741 2353 2792; x_wconf 81' lang='lat' dir='ltr'><strong>juxta</strong></span> <span class='ocrx_word' id='word_1_396' title='bbox 2386 2739 2532 2778; x_wconf 83' lang='lat' dir='ltr'><strong>Thraet.</strong></span> 
     </span>
     <span class='ocr_line' id='line_1_40' title="bbox 327 2808 2532 2867; baseline -0.001 -14"><span class='ocrx_word' id='word_1_397' title='bbox 327 2815 424 2861; x_wconf 60' lang='lat' dir='ltr'><strong>hoa,</strong></span> <span class='ocrx_word' id='word_1_398' title='bbox 476 2830 558 2867; x_wconf 83' lang='lat' dir='ltr'><strong>quae</strong></span> <span class='ocrx_word' id='word_1_399' title='bbox 595 2817 723 2855; x_wconf 85' lang='lat' dir='ltr'><strong>onmia</strong></span> <span class='ocrx_word' id='word_1_400' title='bbox 758 2816 860 2856; x_wconf 83' lang='lat' dir='ltr'><strong>bona</strong></span> <span class='ocrx_word' id='word_1_401' title='bbox 898 2817 1077 2856; x_wconf 84' lang='lat' dir='ltr'><strong>ecclesiae</strong></span> <span class='ocrx_word' id='word_1_402' title='bbox 1115 2816 1321 2856; x_wconf 90' lang='lat' dir='ltr'><strong>Lundensi</strong></span> <span class='ocrx_word' id='word_1_403' title='bbox 1359 2817 1575 2855; x_wconf 77' lang='lat' dir='ltr'><strong>scetantur.</strong></span> <span class='ocrx_word' id='word_1_404' title='bbox 1616 2834 1665 2841; x_wconf 91' lang='lat'><strong>--</strong></span> <span class='ocrx_word' id='word_1_405' title='bbox 1708 2811 1852 2859; x_wconf 81' lang='lat' dir='ltr'><strong>Lund,</strong></span> <span class='ocrx_word' id='word_1_406' title='bbox 1895 2809 2070 2849; x_wconf 87' lang='lat' dir='ltr'><strong>secunda</strong></span> <span class='ocrx_word' id='word_1_407' title='bbox 2114 2809 2178 2849; x_wconf 85' lang='lat' dir='ltr'><strong>die</strong></span> <span class='ocrx_word' id='word_1_408' title='bbox 2220 2808 2401 2861; x_wconf 82' lang='lat' dir='ltr'><strong>paschae,</strong></span> <span class='ocrx_word' id='word_1_409' title='bbox 2442 2809 2532 2849; x_wconf 85' lang='lat' dir='ltr'><strong>XV.</strong></span> 
     </span>
    </p>
   </div>
   <div class='ocr_carea' id='block_1_19' title="bbox 90 2884 2531 3219">
    <p class='ocr_par' dir='ltr' id='par_1_19' title="bbox 90 2884 2531 3219">
     <span class='ocr_line' id='line_1_41' title="bbox 326 2884 615 2937; baseline 0 -15"><span class='ocrx_word' id='word_1_410' title='bbox 326 2884 474 2923; x_wconf 86' lang='lat' dir='ltr'><strong>calend.</strong></span> <span class='ocrx_word' id='word_1_411' title='bbox 504 2884 615 2937; x_wconf 86' lang='lat' dir='ltr'><strong>Maji.</strong></span> 
     </span>
     <span class='ocr_line' id='line_1_42' title="bbox 712 2950 1702 2997; baseline -0.004 -11"><span class='ocrx_word' id='word_1_412' title='bbox 712 2954 890 2995; x_wconf 77' lang='lat' dir='ltr'><strong>LilJegren</strong></span> <span class='ocrx_word' id='word_1_413' title='bbox 914 2954 1134 2997; x_wconf 84' lang='lat' dir='ltr'><strong>Diplomatar.</strong></span> <span class='ocrx_word' id='word_1_414' title='bbox 1161 2957 1305 2989; x_wconf 83' lang='lat' dir='ltr'><strong>Svecan.</strong></span> <span class='ocrx_word' id='word_1_415' title='bbox 1329 2957 1356 2989; x_wconf 95' lang='lat' dir='ltr'><strong>I.</strong></span> <span class='ocrx_word' id='word_1_416' title='bbox 1382 2964 1437 2987; x_wconf 85' lang='lat' dir='ltr'><strong>no.</strong></span> <span class='ocrx_word' id='word_1_417' title='bbox 1463 2953 1542 2986; x_wconf 83' lang='lat'><strong>433.</strong></span> <span class='ocrx_word' id='word_1_418' title='bbox 1567 2963 1599 2995; x_wconf 89' lang='lat' dir='ltr'><strong>p.</strong></span> <span class='ocrx_word' id='word_1_419' title='bbox 1624 2950 1702 2983; x_wconf 89' lang='grc'><strong>379.</strong></span> 
     </span>
     <span class='ocr_line' id='line_1_43' title="bbox 90 3018 2531 3080; baseline -0.003 -14"><span class='ocrx_word' id='word_1_420' title='bbox 90 3036 140 3067; x_wconf 83' lang='lat'><strong>17.</strong></span> <span class='ocrx_word' id='word_1_421' title='bbox 167 3035 307 3078; x_wconf 74' lang='lat' dir='ltr'><strong>Aprilis.</strong></span> <span class='ocrx_word' id='word_1_422' title='bbox 590 3025 717 3073; x_wconf 59' lang='lat'>[972]</span> <span class='ocrx_word' id='word_1_423' title='bbox 773 3025 925 3065; x_wconf 63' lang='lat' dir='ltr'><strong>Jaconr</strong></span> <span class='ocrx_word' id='word_1_424' title='bbox 959 3025 1155 3066; x_wconf 72' lang='lat' dir='ltr'><strong>ERLANnr</strong></span> <span class='ocrx_word' id='word_1_425' title='bbox 1200 3026 1490 3080; x_wconf 85' lang='lat' dir='ltr'><strong>archiepiscopi</strong></span> <span class='ocrx_word' id='word_1_426' title='bbox 1525 3023 1756 3063; x_wconf 88' lang='lat' dir='ltr'><strong>Lundensis</strong></span> <span class='ocrx_word' id='word_1_427' title='bbox 1799 3022 2052 3068; x_wconf 88' lang='lat' dir='ltr'><strong>constitutio,</strong></span> <span class='ocrx_word' id='word_1_428' title='bbox 2094 3024 2139 3060; x_wconf 88' lang='lat' dir='ltr'><strong>ut</strong></span> <span class='ocrx_word' id='word_1_429' title='bbox 2181 3020 2230 3060; x_wconf 90' lang='lat' dir='ltr'><strong>de</strong></span> <span class='ocrx_word' id='word_1_430' title='bbox 2272 3018 2531 3072; x_wconf 85' lang='lat' dir='ltr'><strong>proventibus</strong></span> 
     </span>
     <span class='ocr_line' id='line_1_44' title="bbox 324 3089 2530 3146; baseline -0.003 -12"><span class='ocrx_word' id='word_1_431' title='bbox 324 3095 534 3140; x_wconf 85' lang='lat' dir='ltr'><strong>bonorum,</strong></span> <span class='ocrx_word' id='word_1_432' title='bbox 565 3108 650 3145; x_wconf 74' lang='lat' dir='ltr'><strong>quae</strong></span> <span class='ocrx_word' id='word_1_433' title='bbox 688 3094 864 3133; x_wconf 79' lang='lat' dir='ltr'><strong>ecclesiae</strong></span> <span class='ocrx_word' id='word_1_434' title='bbox 894 3095 1098 3134; x_wconf 88' lang='lat' dir='ltr'><strong>Lundensi</strong></span> <span class='ocrx_word' id='word_1_435' title='bbox 1134 3097 1295 3136; x_wconf 88' lang='lat' dir='ltr'><strong>dederat</strong></span> <span class='ocrx_word' id='word_1_436' title='bbox 1332 3096 1539 3146; x_wconf 83' lang='lat' dir='ltr'><strong>(bonorum</strong></span> <span class='ocrx_word' id='word_1_437' title='bbox 1569 3094 1660 3146; x_wconf 84' lang='lat' dir='ltr'><strong>ejus</strong></span> <span class='ocrx_word' id='word_1_438' title='bbox 1698 3093 1881 3131; x_wconf 82' lang='lat' dir='ltr'><strong>omnium·</strong></span> <span class='ocrx_word' id='word_1_439' title='bbox 1901 3092 1939 3130; x_wconf 92' lang='lat' dir='ltr'><strong>in</strong></span> <span class='ocrx_word' id='word_1_440' title='bbox 1968 3091 2233 3142; x_wconf 87' lang='lat' dir='ltr'><strong>Howostorp,</strong></span> <span class='ocrx_word' id='word_1_441' title='bbox 2276 3089 2530 3142; x_wconf 86' lang='lat' dir='ltr'><strong>Dausthorp,</strong></span> 
     </span>
     <span class='ocr_line' id='line_1_45' title="bbox 328 3159 2530 3219; baseline -0.002 -16"><span class='ocrx_word' id='word_1_442' title='bbox 328 3163 506 3203; x_wconf 67' lang='lat' dir='ltr'><strong>Saersliiff</strong></span> <span class='ocrx_word' id='word_1_443' title='bbox 526 3167 565 3202; x_wconf 91' lang='lat' dir='ltr'><strong>et</strong></span> <span class='ocrx_word' id='word_1_444' title='bbox 586 3163 770 3214; x_wconf 84' lang='lat' dir='ltr'><strong>Hwitingi</strong></span> <span class='ocrx_word' id='word_1_445' title='bbox 794 3168 912 3204; x_wconf 71' lang='lat' dir='ltr'><strong>niirrae</strong></span> <span class='ocrx_word' id='word_1_446' title='bbox 942 3168 982 3203; x_wconf 89' lang='lat' dir='ltr'><strong>et</strong></span> <span class='ocrx_word' id='word_1_447' title='bbox 1009 3166 1221 3205; x_wconf 90' lang='lat' dir='ltr'><strong>molendini</strong></span> <span class='ocrx_word' id='word_1_448' title='bbox 1245 3167 1360 3219; x_wconf 82' lang='lat' dir='ltr'><strong>juxta</strong></span> <span class='ocrx_word' id='word_1_449' title='bbox 1389 3164 1577 3214; x_wconf 70' lang='lat' dir='ltr'><strong>Traehijae)</strong></span> <span class='ocrx_word' id='word_1_450' title='bbox 1606 3174 1802 3215; x_wconf 87' lang='lat' dir='ltr'><strong>pauperes</strong></span> <span class='ocrx_word' id='word_1_451' title='bbox 1832 3159 2037 3200; x_wconf 84' lang='lat' dir='ltr'><strong>scholares</strong></span> <span class='ocrx_word' id='word_1_452' title='bbox 2067 3159 2116 3199; x_wconf 87' lang='lat' dir='ltr'><strong>de</strong></span> <span class='ocrx_word' id='word_1_453' title='bbox 2145 3159 2282 3199; x_wconf 90' lang='lat' dir='ltr'><strong>schola</strong></span> <span class='ocrx_word' id='word_1_454' title='bbox 2309 3159 2530 3206; x_wconf 88' lang='lat' dir='ltr'><strong>Lundensi,</strong></span> 
     </span>
    </p>
   </div>
   <div class='ocr_carea' id='block_1_20' title="bbox 326 3228 2528 3347">
    <p class='ocr_par' dir='ltr' id='par_1_20' title="bbox 326 3228 2528 3347">
     <span class='ocr_line' id='line_1_46' title="bbox 326 3228 2528 3286; baseline -0.002 -15"><span class='ocrx_word' id='word_1_455' title='bbox 326 3247 394 3286; x_wconf 84' lang='lat' dir='ltr'><strong>pro</strong></span> <span class='ocrx_word' id='word_1_456' title='bbox 425 3232 582 3272; x_wconf 88' lang='lat' dir='ltr'><strong>arbitrio</strong></span> <span class='ocrx_word' id='word_1_457' title='bbox 612 3232 899 3285; x_wconf 85' lang='lat' dir='ltr'><strong>archicpiscopi</strong></span> <span class='ocrx_word' id='word_1_458' title='bbox 930 3234 1112 3286; x_wconf 80' lang='lat' dir='ltr'><strong>eligendi,</strong></span> <span class='ocrx_word' id='word_1_459' title='bbox 1143 3239 1426 3275; x_wconf 85' lang='lat' dir='ltr'><strong>sustententur.</strong></span> <span class='ocrx_word' id='word_1_460' title='bbox 1457 3256 1506 3263; x_wconf 93' lang='lat'>—</span> <span class='ocrx_word' id='word_1_461' title='bbox 1541 3232 1673 3279; x_wconf 69' lang='lat' dir='ltr'><strong>Laud,</strong></span> <span class='ocrx_word' id='word_1_462' title='bbox 1704 3230 1879 3270; x_wconf 88' lang='lat' dir='ltr'><strong>secunda</strong></span> <span class='ocrx_word' id='word_1_463' title='bbox 1909 3230 1972 3270; x_wconf 91' lang='lat' dir='ltr'><strong>die</strong></span> <span class='ocrx_word' id='word_1_464' title='bbox 1996 3229 2169 3283; x_wconf 82' lang='lat' dir='ltr'><strong>paschoe,</strong></span> <span class='ocrx_word' id='word_1_465' title='bbox 2198 3229 2289 3270; x_wconf 88' lang='lat' dir='ltr'><strong>XV.</strong></span> <span class='ocrx_word' id='word_1_466' title='bbox 2313 3229 2386 3270; x_wconf 87' lang='lat' dir='ltr'><strong>cal.</strong></span> <span class='ocrx_word' id='word_1_467' title='bbox 2413 3228 2528 3282; x_wconf 86' lang='lat' dir='ltr'><strong>Maji.</strong></span> 
     </span>
     <span class='ocr_line' id='line_1_47' title="bbox 713 3301 1698 3347; baseline -0.002 -12"><span class='ocrx_word' id='word_1_468' title='bbox 713 3301 885 3345; x_wconf 71' lang='lat' dir='ltr'><strong>Liljegren</strong></span> <span class='ocrx_word' id='word_1_469' title='bbox 909 3303 1130 3347; x_wconf 80' lang='lat' dir='ltr'><strong>Diplomatar.</strong></span> <span class='ocrx_word' id='word_1_470' title='bbox 1156 3307 1298 3339; x_wconf 81' lang='lat' dir='ltr'><strong>Svecan.</strong></span> <span class='ocrx_word' id='word_1_471' title='bbox 1323 3306 1350 3339; x_wconf 91' lang='grc' dir='ltr'><strong>Ι.</strong></span> <span class='ocrx_word' id='word_1_472' title='bbox 1377 3315 1431 3338; x_wconf 92' lang='lat' dir='ltr'><strong>no.</strong></span> <span class='ocrx_word' id='word_1_473' title='bbox 1456 3303 1535 3337; x_wconf 84' lang='grc'><strong>434.</strong></span> <span class='ocrx_word' id='word_1_474' title='bbox 1560 3313 1593 3346; x_wconf 87' lang='lat' dir='ltr'><strong>p.</strong></span> <span class='ocrx_word' id='word_1_475' title='bbox 1618 3301 1698 3335; x_wconf 84' lang='lat'><strong>380.</strong></span> 
     </span>
    </p>
   </div>
   <div class='ocr_carea' id='block_1_21' title="bbox 2633 1620 2643 3305">
    <p class='ocr_par' dir='ltr' id='par_1_21' title="bbox 2633 1620 2643 3305">
     <span class='ocr_line' id='line_1_48' title="bbox 2633 1620 2643 3305; baseline 0 0"><span class='ocrx_word' id='word_1_476' title='bbox 2633 1620 2643 3305; x_wconf 95' lang='lat' dir='ltr'><strong> </strong></span> 
     </span>
    </p>
   </div>
  </div>
 </body>
</html>
