2649 3686
147 297 265 338 1342.

82 366 133 399 15.
156 366 312 408 Augusti.

113 646 141 678 l.
168 646 306 679 Octobr.

104 980 159 1012 25.
192 979 315 1012 Novbr.

119 1256 148 1288 1.
180 1254 299 1288 Deebr.

145 2048 261 2088 1343.

112 2133 145 2165 2.
177 2132 302 2166 Martii.

100 2536 153 2567 27.
179 2535 317 2578 Aprilis.

124 2867 173 2899 lo.
208 2868 305 2907 MajJ.

335 129 432 179 266
1034 126 1187 175 Kosa
1221 124 1272 172 V
1274 137 1510 172 ALDEMAR
1543 119 1836 173 ATTERDAG.

597 301 751 350 [2224]
808 299 1080 339 Wunamm
1109 297 1306 336 Danorum
1333 292 1620 343 Slavorumque
1657 290 1761 341 regis
1790 293 1830 329 et
1867 289 1980 327 ducis
2007 287 2184 327 Estoniae
2213 289 2353 335 literae,
2397 290 2540 343 quibus

336 371 535 424 privilegia
566 371 844 423 Campensium
875 371 911 408 in
939 369 1063 408 Dania
1095 366 1313 409 confirmat,
1352 360 1734 415 jurisdictionesque
1772 360 1811 397 in
1848 357 2181 410 “Coppenhafen,
2224 359 2260 396 in
2289 358 2440 398 Dracor
2474 366 2542 400 aut

337 442 375 480 in
418 440 663 480 Redesholt'’
706 443 822 493 prout
864 439 901 477 in
944 438 1074 476 Scone
1116 437 1225 488 prius
1266 430 1502 475 habuerant,
1544 429 1749 482 permittit.
1794 450 1843 455 —
1890 429 2000 467 Ante
2037 435 2217 467 castrum
2250 425 2541 478 Callenbiercle,

338 511 402 550 die
432 511 691 550 assumtionis
715 509 862 548 Marife.

728 577 903 610 sartorius
929 575 1054 608 Gesch.
1081 574 1113 606 d.
1140 574 1254 605 Hanse
1279 570 1330 602 ed.
1355 568 1531 611 Lappenb.
1556 568 1602 600 11.
1627 577 1682 599 no.
1708 566 1814 599 Chlo.
1840 577 1872 609 p.
1897 566 1978 599 371.

603 640 757 688 [2225]
817 639 1040 676 Swmzoms
1072 634 1250 687 episcopi
1281 632 1484 682 totiusque
1515 641 1720 668 cAPl'rULl
1752 629 2006 667 Arausmivsns
2037 627 2175 674 literae,
2214 629 2252 668 in
2282 628 2427 682 quihus
2455 633 2543 670 arti·

340 711 416 750 culi
447 710 651 763 cujusdam
681 707 974 747 constitutionis
1003 718 1124 757 nuper
1153 703 1266 742 editae
1297 706 1592 745 enumerantur,
1623 698 1936 750 sacerdotesque
1964 698 2200 737 Arusiensis
2230 699 2465 739 dioeceseos
2495 700 2543 739 ‹le

342 780 562 820 obedientia
600 779 691 817 huic
727 776 997 816 constitutioni
1026 772 1247 826 praestanda
1278 773 1497 809 monentur.
1542 791 1591 798 —
1636 768 1852 814 Randms,
1896 767 1958 807 die
1999 766 2107 807 beati
2152 769 2429 809 consessorum
2464 771 2540 810 Re-

340 851 447 901 migii
477 853 517 888 et
545 849 753 888 sociorum.

728 915 912 955 Langebek
937 912 1073 954 Scriptt.
1099 912 1161 944 VI.
1187 909 1362 942 438—39.

596 977 748 1025 [2226]
805 975 1105 1018 MARGARETA,
1142 971 1276 1010 relicta
1307 971 1455 1010 domini
1484 969 1594 1010 Petri
1623 969 1797 1009 Karlsun
1827 969 1988 1015 militis,
2018 970 2163 1009 curiam
2194 983 2307 1010 suam
2336 971 2543 1012 villicalem

340 1051 375 1088 in
405 1047 686 1100 Uppaesundby
714 1045 949 1084 monasterio
979 1042 1213 1081 Esromensi
1244 1041 1365 1080 donat
1394 1045 1435 1080 et
1464 1055 1608 1093 genero
1639 1054 1713 1079 suo
1742 1039 1917 1086 Holrico,
1948 1039 2054 1078 (licto
2085 1039 2247 1086 Skacht,
2275 1041 2431 1094 plenam
2455 1056 2543 1080 con·

340 1119 414 1157 sert
428 1120 662 1171 potestatem
680 1115 785 1153 dicto
802 1113 1040 1152 monasterio
1056 1125 1140 1150 eam
1159 1113 1195 1150 in
1212 1111 1355 1164 placito
1374 1111 1676 1163 Thriggaehaeret
1691 1110 1886 1149 scotandi.
1903 1132 1951 1137 ——
1969 1109 2046 1149 Die
2068 1110 2192 1149 beatae
2207 1110 2434 1151 Katharinae
2450 1113 2544 1164 virg.

724 1183 911 1225 Langebek
936 1182 1072 1225 Scriptt.
1095 1182 1156 1214 IX.
1252 1205 1262 1214 .
1311 1181 1394 1214 Cod.
1420 1182 1557 1214 Esrom.
1582 1181 1644 1213 fol.
1672 1179 1801 1213 Cllllb.

593 1245 748 1295 [2:²27]
806 1245 1034 1284 CONSULUM
1075 1257 1126 1282 m·
1163 1255 1436 1282 nuncunsmm
1477 1257 1692 1283 mvn-Aris
1732 1241 2137 1282 Gnipssswomnwsis
2175 1242 2316 1287 literae,
2358 1242 2424 1282 ubi
2454 1257 2543 1282 con-

334 1322 562 1371 queruntur,
591 1315 696 1368 quod
725 1316 893 1354 comites
922 1313 1140 1352 Holtsaziae
1169 1314 1208 1352 in
1238 1317 1498 1352 mercatorum
1529 1326 1776 1352 communem
1810 1313 2009 1365 jacturam
2047 1316 2087 1351 et
2119 1326 2327 1365 gravamen
2366 1316 2546 1353 tueantur

333 1387 561 1433 Holtsatos,
591 1386 684 1438 “qui
715 1385 762 1423 (le
793 1384 975 1423 omnibus
1005 1384 1150 1422 eastris
1179 1397 1253 1422 seu
1280 1383 1587 1430 munitionibus,
1631 1396 1731 1435 quas
1767 1382 1841 1421 sub
1880 1396 1925 1421 se
1956 1381 2102 1421 habent
2139 1383 2177 1421 in
2215 1397 2335 1434 regno
2371 1383 2543 1431 Daciae'·‚

333 1457 541 1496 maximum
579 1455 758 1493 damnum
798 1454 912 1502 (ultra
952 1467 1021 1492 sex
1062 1453 1225 1491 millium
1261 1467 1477 1492 marcarum
1507 1454 1593 1506 puri
1624 1453 1772 1505 argenti
1804 1455 2090 1505 computatum)
2130 1453 2419 1492 incursionibus
2447 1456 2546 1506 pira-

334 1527 422 1566 ticis
452 1527 501 1565 iis
530 1525 757 1571 intulerant:
788 1527 1078 1576 conqueruntur
1107 1524 1244 1570 etiam,
1288 1523 1392 1576 quod
1428 1523 1692 1576 Marquardus
1730 1522 1779 1561 de
1817 1522 1942 1562 Stone
1984 1523 2172 1562 concives
2210 1536 2310 1562 suos
2348 1524 2384 1562 in
2420 1524 2544 1563 Dacia

333 1596 573 1649 spoliaverit.
602 1617 655 1624 -
686 1594 726 1633 ln
757 1595 930 1633 crastino
960 1593 998 1632 l».
1028 1593 1196 1632 Andreae
1227 1594 1414 1646 apostoli.

718 1663 910 1696 Michelsen
934 1664 1256 1698 Urkundensamml.
1279 1665 1324 1697 ΙῘ.
1349 1675 1404 1697 no.
1429 1664 1575 1696 LXLV.
1602 1674 1632 1706 p.
1662 1662 1853 1695 llo—111.

592 1725 746 1774 [2228]
802 1725 1002 1777 Aalborgs
1031 1725 1235 1772 Stadsret‚
1279 1727 1386 1778 givet
1421 1725 1466 1764 af
1488 1725 1607 1777 Kong
1633 1723 1892 1763 VALnssmAR.
1933 1745 1987 1752 -
2032 1723 2209 1777 Olborq,
2254 1723 2378 1763 under
2413 1724 2544 1764 Gudtz

334 1798 413 1836 Aar
441 1796 585 1836 MCCC
616 1825 651 1835 ..
670 1826 680 1834 .
710 1809 756 1834 oc
784 1809 860 1848 paa
891 1794 999 1834 theth
1031 1795 1181 1833 andith.

723 1865 1138 1908 Kolderup-Rosenvinge
1162 1865 1269 1898 Saml.
1295 1865 1336 1898 af
1355 1865 1403 1907 gl.
1430 1865 1560 1898 danske
1583 1866 1676 1898 Love
1699 1865 1745 1897 V.
1770 1863 1966 1897 278-282.
1988 1864 2054 1905 jfr.
2086 1869 2123 1898 S.
2148 1866 2299 1898 XXXX.
2331 1865 2546 1908 (angaaende

724 1926 1077 1970 Udstedelsesaaret}

1364 2025 1509 2075 1343.

598 2124 753 2174 [2229]
809 2123 1084 2164 WALnssmm
1123 2124 1231 2176 regis
1266 2123 1406 2170 literae,
1450 2123 1595 2176 quibus
1632 2121 1765 2162 abbati
1803 2127 1843 2162 et
1877 2121 2084 2162 monachis
2111 2121 2425 2163 Esromensibus
2461 2138 2547 2177 pro·

335 2197 453 2235 tectio
483 2197 588 2247 regis
616 2195 872 2247 promittitur,
913 2195 1118 2248 privilegia
1157 2208 1291 2233 eorum
1328 2195 1603 2233 confirmantur
1631 2197 1671 2232 et
1698 2193 1890 2232 Nicolaus
1917 2192 2112 2232 Erickson
2150 2192 2199 2232 de
2235 2192 2546 2245 Hyrningsholm

337 2267 387 2305 iis
430 2270 470 2304 et
512 2266 667 2305 familiae
710 2279 846 2305 eorum
888 2266 1078 2304 universae
1104 2268 1209 2303 tutor
1251 2268 1291 2304 et
1333 2264 1521 2303 defensor
1563 2265 1826 2304 constituitur.
1871 2285 1925 2292 -—
1973 2261 2213 2310 Roskildis,
2269 2263 2465 2303 dominica
2509 2265 2548 2303 in

335 2336 646 2389 quadragesima.

722 2405 954 2449 Pontoppidan
977 2404 1118 2437 Annali.
1157 2404 1279 2437 eccles.
1310 2406 1400 2437 Dan.
1433 2405 1477 2437 11.
1514 2404 1590 2437 167.
1651 2403 1736 2437 Cod.
1769 2404 1906 2435 Esrom.
1940 2401 2002 2435 fol.
2035 2402 2164 2435 LVIII.
2222 2404 2272 2435 De
2297 2403 2370 2445 die,
2408 2416 2471 2448 quo
2496 2405 2548 2438 11ae

723 2467 830 2500 literae
856 2467 953 2500 editae
978 2470 1075 2508 sunt,
1102 2466 1168 2498 vid.
1194 2467 1299 2499 Suhm
1326 2467 1414 2498 Hist.
1442 2467 1482 2498 af
1503 2466 1651 2498 Danmk.
1675 2465 1773 2497 XIII.
1797 2464 1855 2497 64.
2417 2479 2421 2482 ·

601 2528 755 2577 [2230]
813 2529 1033 2576 Annmvrl,
1063 2528 1411 2581 Magnopolensis,
1442 2527 1788 2579 Stargardensium
1818 2529 1858 2564 et
1887 2525 2223 2564 Rostoccensium
2253 2525 2422 2574 domini,
2458 2541 2545 2566 sco-

340 2598 434 2636 tatio
464 2598 653 2637 redituum
683 2599 818 2650 viginti
857 2605 946 2637 octo
977 2612 1194 2638 marcarum
1231 2599 1270 2637 in
1311 2597 1458 2650 oppido
1496 2597 1674 2649 Tessyn,
1718 2599 1848 2650 “quos
1879 2609 1953 2633 nos
1989 2598 2029 2633 et
2067 2594 2252 2634 dominus
2280 2595 2439 2636 Enlcus
2470 2597 2544 2636 Da-

340 2681 473 2704 norum
503 2668 783 2720 Slavorumque
814 2682 900 2715 rex,
942 2670 1015 2721 piae
1049 2669 1267 2715 memoriae,
1312 2671 1352 2706 et
1389 2668 1513 2706 nostri
1542 2668 1816 2720 progenitores
1844 2665 1894 2705 ab
1923 2665 2083 2717 antiquo
2112 2664 2323 2705 babuimus
2361 2667 2546 2706 ibidem”.

341 2757 388 2762 —
424 2736 626 2785 Rostock,
656 2737 850 2776 dominica
879 2737 1153 2776 Misericordia
1184 2737 1344 2777 domini.

726 2808 892 2839 Bostock.
918 2808 1099 2840 woehentl.
1124 2808 1250 2840 Nachr.
1279 2808 1379 2840 1753.
1409 2818 1440 2850 p.
1469 2805 1636 2838 189—91.
1666 2804 1833 2838 193—94.

600 2867 753 2915 [2231]
811 2868 996 2920 Diploma
1034 2868 1082 2907 ab
1116 2868 1209 2907 VIII
1248 2868 1441 2907 militibus
1472 2871 1512 2907 et
1540 2867 1617 2906 Vll
1646 2867 1872 2918 armigeriS,
1915 2878 2200 2905 consumans
2232 2879 2360 2907 uanis
2392 2881 2445 2908 m·
2478 2881 2545 2908 co-

345 2945 465 2971 non-,m
497 2947 623 2973 uriom
651 2936 799 2976 Diem
833 2951 874 2976 lN
904 2937 1126 2985 ΕεΤοΝιΑ,
1170 2953 1241 2978 nee
1279 2953 1354 2977 non
1387 2939 1421 2976 V
1448 2938 1613 2977 vasallis
1651 2941 1690 2976 et
1726 2936 2007 2975 communitate
2042 2935 2279 2976 vasallorum
2317 2938 2410 2977 dicti
2440 2939 2547 2990 regis

342 3002 483 3040 ibidem
514 3003 679 3050 editum,
708 3019 784 3058 quo
814 3006 1023 3054 declarant,
1049 3022 1115 3054 se,
1145 3008 1251 3060 quod
1281 3010 1444 3047 timeant
1466 3022 1514 3047 ne
1540 3012 1640 3046 terra
1670 3011 1710 3046 et
1740 3009 1869 3045 castra
1898 3008 2008 3043 terrae
2023 3004 2200 3044 Estoniae
2225 3020 2247 3045 a
2270 3021 2389 3059 regno
2412 3008 2545 3047 Daciae
2602 3016 2611 3023 “

342 3076 498 3123 propter
523 3073 766 3113 incursiones
789 3075 981 3115 Estonum
1008 3077 1219 3116 infidelium
1244 3078 1472 3125 alienentur,
1502 3078 1732 3129 magistrum
1755 3075 1930 3114 Livoniae
1956 3074 1991 3112 in
2022 3088 2138 3113 suum
2169 3079 2210 3114 et
2238 3080 2347 3117 terrae
2377 3082 2544 3117 tutorem

344 3145 382 3178 et
411 3142 655 3192 capitaneum
686 3143 856 3195 elegisse
873 3176 883 3191 ,
914 3150 1121 3198 castraque
1151 3147 1326 3186 Revaliae
1357 3151 1397 3187 et
1425 3147 1676 3198 Wesenberg
1705 3159 1792 3185 cum
1817 3144 1932 3183 terris
1957 3147 1998 3182 et
2018 3146 2236 3185 attinentiis
2260 3148 2294 3185 ei
2319 3146 2544 3192 tradidisse,

344 3224 388 3248 ea
418 3210 661 3256 conditione,
699 3217 739 3250 ut
769 3214 904 3253 eadem
933 3228 1002 3267 pro
1038 3230 1181 3255 corona
1221 3218 1327 3268 regni
1354 3217 1484 3257 Daciae
1515 3217 1680 3256 fideliter
1715 3216 1941 3260 conservet,
1985 3216 2025 3252 et
2065 3228 2153 3254 cum
2195 3217 2362 3269 repetita
2404 3216 2544 3256 suerint
