2649 3686
768 134 923 183 Kosa
960 135 1248 185 VALDEMAR
1284 135 1577 184 Arrssnmo.
2183 142 2281 189 269

325 303 483 354 [2250]
540 306 817 347 IVAanuAm
852 308 976 349 Juciae
1019 309 1132 350 ducis
1171 309 1365 363 diploma,
1408 321 1486 362 quo
1520 307 1691 347 Johanni
1730 306 1909 347 Lembek
1945 308 2057 347 militi
2095 314 2135 348 et
2164 308 2280 349 haere·
2356 311 2471 351 1321.

64 374 180 416 dibus
207 375 297 429 ejus
325 376 567 428 provinciam
597 389 732 424 suam,
769 377 1111 431 Lyungtosthaeret
1141 380 1305 426 dictam,
1348 392 1435 418 cum
1472 379 1727 432 pertinentiis
1756 392 1827 431 pro
1868 379 2096 431 quingentis
2135 382 2279 418 marcis
2304 378 2358 411 22-
2385 381 2516 414 Mau-ni.

61 445 148 499 puri
177 445 327 497 argenti
357 449 398 484 et
425 445 608 485 ducentis
639 448 845 499 sexaginta
870 451 1011 489 marcis
1032 449 1326 491 Lubecensium
1353 449 1601 488 denariorum
1625 449 1875 501 impignorat.
1894 470 1943 476 —
1974 447 2281 502 Synderboryla,

63 515 235 554 crastino
264 513 304 554 b.
330 513 545 554 Benedicti
576 515 746 555 abbatis.

455 584 647 618 Michelsen
675 587 1059 632 Urkundensnmmlung
1084 590 1128 623 II.
1155 600 1210 622 no.
1236 589 1311 624 cn.
1336 600 1367 633 p.
1395 589 1472 622 117.

325 646 481 695 [2251.]
540 646 668 694 Brev,
713 648 884 688 hvorved
915 651 1091 690 Annum
1132 666 1182 703 og
1215 651 1381 698 Joumv,
1424 651 1568 690 Herrer
1603 649 1646 689 til
1684 648 1963 700 Meklenborg,
2006 648 2195 699 Stargard
2235 663 2284 700 og
2321 659 2376 690 20.
2409 659 2506 692 Julii.

63 715 243 762 Rostok,
283 716 441 756 tilstaae
479 720 520 755 at
549 716 651 756 have
682 717 733 756 bl.
763 732 798 757 a.
826 720 1059 772 overdragct
1097 721 1191 760 “‹lat
1218 720 1331 760 Husz
1368 725 1429 760 tor
1457 720 1748 767 Steckeborch,
1793 719 1910 758 stadt
1939 718 2043 758 unde
2074 719 2140 758 ‹lat
2170 719 2282 758 Laud

63 790 103 825 to
131 785 274 825 Miine”
304 786 345 825 til
375 785 576 826 Junkerne
607 786 780 827 Clawets
818 803 868 840 og
905 789 1083 838 Berend,
1127 791 1271 831 Herrer
1309 791 1353 831 til
1389 790 1538 831 WVerle.
1582 814 1631 821 —-
1681 790 1876 843 Guoyen,
1921 788 1994 828 des
2025 789 2282 841 Dingsdagen

61 868 132 895 vor
158 859 276 896 siinte
308 855 458 896 Marien
487 856 749 908 Magdalenen
780 859 932 910 Daghe.
960 873 963 875 “
2024 859 2281 912 (Plattydsk).

331 922 334 927 ’
457 926 602 959 Pottker
627 929 722 960 Neue
747 930 883 962 Samnii.
912 930 1087 964 Meklenb.
1114 932 1316 973 Urkunden,
1342 931 1414 963 2¹⁶·
1440 931 1546 964 Stuck
1574 942 1604 974 p.
1631 930 1687 963 21.

324 987 482 1037 [2252]
540 987 666 1035 Boev,
696 989 860 1029 udstedt
888 991 932 1029 as
955 992 1152 1032 Junkerne
1181 993 1393 1032 Nicomus
1425 1002 1475 1044 og
1503 993 1704 1038 Bnnnmn,
1735 990 1878 1030 Herrer
1908 990 1948 1029 til
1978 990 2134 1038 VVerle,
2165 990 2279 1029 hvor-
2323 1000 2379 1032 20.
2405 1001 2501 1034 Jnlii.

62 1057 137 1097 ved
166 1057 216 1097 de
244 1056 298 1098 hl.
329 1071 364 1097 a.
396 1058 610 1111 overdrage
639 1058 866 1107 “Falstere‚
910 1060 996 1100 hals
1019 1062 1151 1107 Husz‚
1195 1063 1294 1102 Stad
1323 1063 1425 1102 unde
1451 1062 1567 1102 Laud
1595 1061 1698 1100 unde
1734 1061 1881 1100 Mann’'
1919 1061 1960 1100 til
1990 1060 2058 1100 ΗΓ.
2090 1061 2281 1100 Albrecht

62 1140 114 1180 og
142 1127 289 1168 Junker
317 1127 470 1175 Johan,
499 1128 643 1168 Herrer
673 1129 716 1168 til
745 1129 1021 1183 Meklenborg,
1064 1132 1251 1185 Stargard
1281 1146 1331 1185 og
1358 1132 1530 1172 Rostok.
1559 1154 1612 1160 —
1654 1131 1847 1186 Gnoyen,
1887 1130 1960 1170 des
1999 1130 2281 1182 Dinsedaghes

61 1211 131 1238 vor
158 1198 285 1238 Siinte
314 1197 466 1238 Marien
495 1198 708 1251 Magdalen
737 1199 891 1251 Daghe.
2023 1200 2280 1253 (Plattydsk).

454 1269 598 1303 Pottker
621 1270 717 1301 Neue
742 1269 882 1302 Samml.
908 1270 1080 1304 Meklenb.
1105 1272 1311 1312 Urkunden,
1335 1272 1408 1305 21⁶⁸
1434 1273 1542 1305 Stuck
1566 1283 1597 1316 p.
1624 1271 1680 1304 25.

324 1329 481 1379 [2253]
539 1330 684 1370 Literae
727 1332 938 1383 provinciae
980 1333 1364 1380 Bomxcnmmu,
1408 1334 1552 1387 quibus
1595 1332 1844 1372 waldemaro
1888 1333 1967 1383 regi
1998 1331 2277 1379 obedientiam,
2302 1339 2514 1381 8.August1.

61 1398 267 1457 servitium
309 1403 351 1438 et
392 1401 602 1452 terragium
646 1400 822 1441 debitum
864 1407 1051 1455 praestare
1093 1405 1334 1457 promittunt.
1379 1426 1428 1432 —
1482 1404 1804 1457 Lanqmcnttofc,
1862 1402 2058 1440 dominica
2099 1404 2276 1456 proxima

61 1472 152 1508 ante
181 1468 288 1509 diem
317 1469 424 1510 beati
453 1470 657 1510 Laurentii
689 1473 875 1511 martiris.

456 1540 647 1574 Micliclsen
673 1542 937 1576 Nordfriesland
961 1554 992 1586 p.
1022 1542 1189 1576 190—91.

324 1601 481 1650 [2254]
538 1602 819 1643 IVAanmm
861 1605 974 1644 ducis
1010 1604 1132 1644 Juciae
1169 1606 1305 1651 literae,
1350 1604 1496 1657 quibus
1535 1612 1668 1644 notum
1698 1603 1813 1651 sacit,
1858 1602 1962 1656 quod
1999 1601 2176 1641 decimas
2204 1616 2274 1655 pro
2299 1605 2355 1638 20.
2378 1606 2535 1649 Augusti.

61 1668 209 1710 fabrica
237 1671 418 1711 ecclesiae
447 1672 651 1712 Bretwath
683 1673 894 1727 deputatas
924 1673 972 1713 ab
1001 1676 1182 1727 antiquo,
1227 1688 1326 1727 quas
1361 1675 1511 1727 aliquot
1548 1676 1661 1713 annis
1697 1688 1767 1727 per
1804 1687 1903 1712 suos
1933 1672 2124 1711 officiales
2153 1672 2274 1711 levari

61 1740 176 1788 fecit,
218 1744 295 1781 “ex
331 1756 433 1781 nunc
470 1747 511 1782 et
540 1743 754 1796 deinceps”
791 1758 861 1797 pro
892 1744 1095 1784 monachis
1126 1745 1163 1782 in
1192 1744 1347 1796 Lugum
1377 1744 1492 1796 plene
1521 1748 1561 1784 et
1589 1745 1738 1796 integre
1766 1744 1954 1795 resignat.
2000 1765 2050 1770 —
2094 1742 2275 1796 Synder-

63 1809 183 1864 bury,
213 1811 309 1862 feria
338 1811 406 1851 Vl.
438 1813 538 1852 infra
568 1818 748 1853 octavam
779 1816 1042 1854 assumtionis
1071 1814 1109 1853 b.
1137 1814 1270 1853 Mariae
1300 1815 1478 1865 virginis.

455 1884 642 1925 Langebek
668 1884 808 1927 Scriptt.
832 1885 928 1918 VIII.
962 1884 1036 1917 115.
1085 1884 1159 1917 Cfr.
1185 1884 1288 1916 Suhm
1314 1883 1404 1916 Hist.
1429 1883 1470 1915 af
1489 1883 1637 1916 Danmk.
1662 1883 1761 1915 XIII.
1790 1882 1865 1915 110.

323 1945 480 1995 [2255.]
536 1946 688 1985 JAconl
707 1947 885 1999 episcopi
901 1946 1095 1999 Ripensis
1111 1946 1243 1991 literae,
1269 1944 1412 1998 quibus
1429 1944 1478 1983 ad
1493 1946 1723 1996 petitionem
1740 1944 1903 1983 illustris
1918 1944 2109 1997 principis
2126 1943 2273 1982 domini
2298 1942 2355 1976 2⁸2·
2375 1943 2541 1985 Augusti.

61 2012 318 2062 Waldemari,
343 2015 407 2055 dei
433 2016 559 2067 gratia
575 2016 687 2056 ducis
702 2016 833 2062 Jutiae,
859 2015 1034 2055 decimas
1057 2015 1234 2054 ecclesiae
1252 2016 1378 2054 sancti
1395 2014 1597 2053 Laurentii
1622 2015 1658 2052 in
1676 2013 1901 2053 Bredeuath
1918 2027 1986 2065 pro
2005 2013 2152 2052 fabrica
2169 2014 2274 2066 ejus·

62 2082 151 2122 dem
173 2084 354 2123 ecclesiae
378 2085 602 2139 deputatas,
633 2086 682 2125 de
706 2090 837 2125 cetero
862 2086 1102 2124 monasterio
1124 2084 1223 2123 Loci
1246 2084 1320 2123 Dei
1344 2099 1413 2137 per
1435 2088 1620 2138 patentes
1643 2083 1776 2122 literas
1807 2083 1987 2136 ejusdem
2013 2082 2126 2121 ducis
2158 2083 2273 2135 plene

61 2154 299 2206 resignatas,
327 2157 569 2195 monasterio
591 2159 632 2195 et
653 2155 860 2195 monachis
883 2155 1026 2195 ibidem
1050 2154 1206 2193 dimittit
1227 2158 1267 2193 et
1289 2155 1475 2193 annectit.
1502 2176 1550 2182 —
1577 2153 1729 2193 Octava
1751 2153 2040 2205 assumptionis
2063 2152 2101 2190 b.
2125 2151 2273 2190 Mariae.

285 2256 289 2260 ,
454 2227 644 2268 Langebek
668 2225 809 2269 Scriptt.
834 2226 930 2258 VIII.
958 2225 1034 2257 127.

324 2286 480 2336 [2256]
540 2287 785 2338 Quittantia,
815 2300 891 2339 qua
1001 2285 1049 2325 de
1077 2285 1216 2338 Byene
1247 2289 1287 2324 et
1316 2284 1566 2324 Godscalcus
1596 2283 1645 2323 de
1672 2283 1811 2336 Byene
1841 2288 1880 2322 et
1908 2283 1987 2322 duo
2017 2284 2081 2322 alii
2113 2283 2267 2322 nobiles
2291 2288 2348 2323 22.
2374 2291 2533 2333 Augusti.

62 2351 247 2394 lsraelem
274 2354 517 2408 Byrgerson,
547 2359 640 2411 “qui
669 2372 739 2411 pro
770 2371 893 2396 censu
920 2371 991 2410 per
1019 2355 1216 2394 dominum
1242 2369 1370 2407 regem
1402 2355 1553 2394 Sveciae
1583 2367 1653 2407 pro
1683 2353 1855 2392 emtione
1885 2357 1994 2392 terrae
2024 2353 2195 2392 ScAMAE
2224 2367 2272 2392 ex

61 2426 261 2476 promisso
298 2426 414 2465 nobis
451 2426 575 2467 obses
613 2429 745 2467 extitit
780 2426 1041 2480 deputatus‘',
1078 2424 1127 2464 ab
1163 2439 1210 2464 ea
1235 2426 1499 2479 promissione
1528 2423 1692 2463 liberum
1729 2423 1875 2461 dicunt.
1921 2444 1968 2451 —
2019 2422 2272 2475 Wardburq,

64 2494 102 2533 in
131 2499 271 2536 octava
300 2498 563 2536 assumtionis
591 2497 739 2537 Mariae.

459 2566 631 2600 Johannis
657 2566 775 2608 Magni
801 2565 1003 2610 Metropolis
1028 2565 1141 2609 p.>81.

325 2628 481 2677 [2257]
540 2628 841 2668 confoederatio
872 2630 968 2667 inter
996 2628 1162 2666 comites
1197 2626 1385 2664 Holsatiae
1414 2623 1640 2664 Hammeum
1670 2627 1709 2662 et
1736 2621 1997 2662 Nicnomnn
2028 2627 2068 2681 et
2090 2623 2270 2663 IVAunn-
2297 2631 2353 2664 26.
2374 2632 2532 2674 Augusti.

64 2709 214 2737 manum
244 2697 382 2737 Daniae
411 2712 558 2751 regem.
586 2721 640 2728 -—
670 2698 985 2753 Synderborqlc,
1014 2697 1189 2749 proxima
1220 2697 1354 2748 quinta
1384 2695 1480 2733 seria
1508 2697 1602 2747 post
1631 2692 1666 2731 b.
1695 2692 1974 2731 Bartholomaei
2004 2692 2162 2732 festum.

455 2769 643 2802 Michelsen
658 2767 980 2802 Urkundensamml.
994 2767 1037 2799 11.
1052 2776 1105 2798 no.
1125 2765 1220 2798 (3111.
1244 2777 1273 2808 p.
1291 2763 1458 2797 118-19.
1506 2764 1580 2797 Cfr.
1595 2762 1762 2795 Hvitfeldt
1775 2763 1896 2794 Danm.
1911 2761 2017 2803 Riges
2030 2763 2137 2795 Kron.
2150 2774 2182 2806 p.
2193 2762 2270 2796 490.

325 2829 480 2879 [2258]
539 2829 748 2870 Placitatio
779 2831 878 2869 inter
906 2828 1092 2880 Magnum
1123 2827 1274 2866 Sveciae
1310 2839 1441 2877 regem
1479 2829 1520 2864 et
1554 2823 1814 2863 Lubecenses
1852 2837 1940 2862 cum
1978 2824 2271 2864 confirmatione
2299 2836 2351 2870 ιι,
2378 2837 2508 2881 Septbr,

61 2897 371 2951 privilegiorum.
444 2899 590 2939 Testes
631 2904 850 2953 praesentes
900 2899 1143 2937 nominantur
1184 2896 1352 2935 Penus
1404 2894 1726 2946 archiepiscopus
1776 2892 2026 2939 Lundensis,
2078 2893 2271 2934 Swechiae

63 2968 234 3020 primas,
263 2973 304 3008 et
330 2969 465 3022 plures
495 2970 572 3008 alii.
604 2992 654 2998 -
685 2968 1045 3021 Helsinqborqlcis,
1076 2965 1269 3005 sabbatho
1298 2979 1408 3018 prox.
1436 2967 1532 3017 post
1561 2964 1678 3002 nativ.
1707 2962 1855 3002 Mariae.

458 3039 634 3073 Sami-ius
662 3040 787 3072 Gesch.
812 3039 843 3071 d.
870 3040 983 3070 Hanse
1008 3036 1058 3069 ed.
1085 3035 1257 3078 Lappenb.
1286 3036 1328 3067 Il.
1354 3045 1408 3066 no.
1434 3035 1540 3067 CLV.
1566 3044 1598 3076 p.
1623 3033 1794 3065 377—78.

323 3100 480 3149 [2259]
536 3101 690 3140 Jaconr
722 3099 899 3153 episcopi
925 3097 1119 3150 Ripensis
1148 3096 1279 3142 literae,
1309 3096 1466 3148 quibus,
1490 3097 1605 3148 juxta
1634 3095 1861 3147 petitionem
1890 3093 2131 3134 Waldemari
2156 3094 2269 3135 ducis
2298 3097 2349 3130 12.
2375 3098 2508 3142 septbr.

61 3167 199 3216 Jutiae,
228 3168 406 3209 decimas
435 3170 613 3210 ecclesiae
643 3171 747 3210 beati
779 3169 979 3208 Laurentii
1016 3168 1053 3205 in
1082 3165 1295 3204 Bredwath
1334 3166 1575 3204 monasterio
1610 3163 1708 3203 Loci
1748 3163 1824 3203 Dei
1861 3168 2053 3217 perpetuo
2093 3166 2273 3218 assignat

62 3243 102 3278 et
130 3242 302 3280 annectit
327 3239 444 3294 pleno
468 3241 572 3293 jure.
601 3263 654 3270 -—
681 3240 821 3292 Rapis,
852 3237 1049 3276 dominica
1078 3235 1176 3275 infra
1205 3240 1381 3275 octavam
1414 3235 1632 3274 nativitatis
1661 3234 1824 3286 virginis
1853 3234 2049 3287 gloriosae.

456 3310 642 3353 Langebek
665 3309 805 3353 Scriptt.
829 3308 924 3342 VIII.
952 3306 1027 3340 115.
