2649 3686
373 127 478 176 XII
1250 125 1572 173 Praefatio.

310 272 399 317 haec
432 271 584 329 Boica,
621 284 714 331 quae
749 285 769 313 a
807 267 965 325 Langio
1000 264 1185 309 instituta
1221 266 1367 320 postea
1393 257 1653 318 Freibery
1681 259 1937 304 continuavit
1966 258 2219 322 deduxitque
2254 257 2365 322 (vol.
2394 255 2530 321 20⁰⁰)-

311 376 447 423 usque
484 359 535 404 ad
587 375 624 404 a.
668 356 822 416 1393,
877 355 963 399 sine
1009 350 1134 395 dubio
1177 347 1524 409 praestantissimis
1568 354 1611 391 et
1652 347 1969 392 accuratissimis
2013 348 2075 392 sui
2119 349 2284 408 generis
2328 351 2526 411 operibus

316 448 627 494 annumeranda
647 454 758 504 sunt,
794 460 869 489 nec
891 438 1161 487 dubitandum
1181 437 1359 495 videtur,
1397 435 1511 496 quin,
1542 435 1576 480 si
1602 442 1771 495 regesta
1797 436 1849 480 ad
1875 436 2050 481 sormam
2074 437 2299 482 Boicorum
2327 440 2524 485 institue-

314 544 459 583 rentur
490 535 614 598 [quae
641 543 779 580 tamen
807 533 919 593 prior
945 529 1092 585 editor,
1129 541 1180 570 ne
1200 526 1316 586 copia
1337 525 1607 585 diplomatum
1627 525 1895 584 obrueretur,
1931 525 2037 569 ultra
2057 541 2094 570 a.
2119 524 2242 572 1300
2261 527 2528 587 producenda

316 642 399 671 non
434 621 707 687 putaverat),
751 623 828 666 hoc
864 625 951 674 cst,
997 617 1052 660 ita
1087 621 1134 659 ut
1166 616 1375 673 omnium,
1421 621 1621 675 quantum
1659 614 1753 659 fieri
1786 620 1954 674 posset,
2001 630 2094 676 quae
2129 615 2366 661 etiamnunc
2402 624 2527 663 auto-
2563 660 2570 666 ,

315 715 470 774 grapha
506 719 795 774 superessent,
848 707 1121 767 diplomatum
1155 704 1473 765 litterarumque
1509 704 1770 765 publicarum
1806 703 1999 764 epitomae
2033 709 2076 748 et
2110 719 2283 749 summae
2309 706 2555 767 perspicue-

316 811 590 863 accurateque
619 801 816 845 consectae
846 795 1088 851 ederentur,
1125 809 1172 838 ea
1198 794 1445 855 plerumque
1475 809 1522 838 ac
1548 794 1673 854 longe
1701 792 1888 853 plurimis
1915 793 1955 837 in
1973 793 2100 838 rebus
2121 791 2336 839 desideriis
2356 795 2529 840 histori-

317 907 460 936 corum
507 890 728 935 suffectura
771 887 937 943 forent,
991 884 1174 946 satisque
1221 889 1366 942 esset,
1420 882 1716 943 diplomatariis
1760 882 2046 944 antiquissima
2080 889 2242 927 tantum
2279 883 2528 946 diplomata,

316 980 517 1024 inferioris
560 985 698 1022 autem
743 975 872 1020 aetatis
915 973 1155 1034 praecipua,
1209 972 1372 1032 integra
1416 972 1559 1017 edere.
1644 973 1795 1034 Neque
1840 972 1918 1016 alia
1952 972 2037 1016 ulla
2070 973 2232 1017 ratione
2268 973 2375 1018 effici
2409 991 2532 1035 posse

316 1069 507 1126 videtur,
559 1073 606 1110 ut
648 1066 687 1109 in
733 1063 925 1109 omnibus
970 1061 1234 1121 civitatibus,
1289 1061 1364 1106 sed
1407 1061 1587 1106 maxime
1630 1061 1670 1106 in
1706 1061 1847 1121 regnis
1884 1061 2030 1122 amplis
2067 1061 2155 1106 haec
2190 1063 2292 1107 tanti
2327 1066 2532 1110 momenti

319 1156 501 1202 subsidia
534 1154 713 1200 historiae
749 1153 1007 1213 aliquatenus
1042 1150 1166 1211 plene
1202 1150 1254 1195 ad
1289 1151 1504 1196 hominum
1538 1151 1727 1196 notitiam
1764 1157 1805 1195 et
1839 1167 1964 1196 usum
1999 1152 2311 1213 protrahantur.

571 1245 666 1290 Non
701 1243 756 1287 ita
790 1241 910 1303 pauci
946 1248 1044 1285 sunt
1079 1240 1190 1299 anni,
1228 1257 1359 1302 quum
1391 1241 1434 1286 in
1471 1241 1680 1286 Societate
1715 1240 1849 1301 Regia
1885 1241 2159 1286 Scientiarum
2193 1242 2352 1288 Danica
2388 1243 2532 1304 agitari

316 1333 714 1393 commemorarique
759 1337 955 1392 coeptum
1001 1337 1095 1391 est,
1147 1331 1292 1392 patriae
1334 1337 1487 1376 nostrae
1529 1330 1712 1375 historiae
1753 1330 2007 1376 illustrandae
2043 1331 2358 1393 scribendaeque
2394 1333 2529 1378 adhuc

315 1422 461 1467 deesse
513 1428 738 1483 utrumque
789 1421 1114 1466 instrumentum
1166 1421 1352 1482 apprime
1407 1420 1726 1479 necessarium,
1791 1420 2209 1479 cliplomatarium
2261 1419 2532 1484 Dam‘cum,

315 1511 365 1556 ad
418 1510 530 1572 quod
586 1510 886 1556 instituendum
943 1510 1331 1572 perficiendumque
1377 1510 1465 1571 jam
1517 1517 1613 1555 ante
1662 1509 1847 1555 medium
1902 1512 2102 1556 saeculum
2155 1513 2391 1557 XVIIImum
2448 1509 2534 1559 Jo.

316 1597 600 1646 Grammius
620 1606 662 1645 et
673 1596 716 1644 J
714 1614 790 1646 ac.
809 1597 1187 1661 Lanyebeliz’us,
1217 1600 1379 1645 sodales
1406 1600 1615 1646 societatis
1636 1607 1788 1645 nostrae
1808 1601 1917 1645 inter
1936 1601 2238 1646 eruditissimos
2259 1601 2537 1648 clarissimos-

315 1705 411 1750 que,
449 1690 606 1734 animos
643 1689 864 1751 studiaque
899 1690 1174 1748 contulerant,
1213 1696 1256 1735 et
1280 1691 1450 1734 annales
1478 1689 1764 1751 diplomaticus
1793 1691 1877 1735 sive
1905 1697 2116 1751 reyesta
2143 1692 2282 1737 dicere
2309 1692 2534 1751 malumus,

315 1777 613 1840 diplomatum,
649 1779 898 1839 litterarum,
935 1786 1123 1824 actorum
1159 1780 1211 1826 ad
1246 1780 1461 1825 historiam
1495 1780 1614 1840 regni
1650 1780 1797 1825 Danici
1832 1780 2145 1842 pertinentium,
2184 1798 2276 1844 quae
2306 1782 2394 1842 jam
2428 1782 2536 1843 typis

315 1869 504 1928 evulgata
532 1874 687 1913 essent.
747 1869 802 1913 A.
828 1868 952 1915 1828
977 1885 1024 1913 re
1050 1869 1129 1914 rite
1159 1868 1210 1913 ad
1239 1869 1482 1914 societatem
1510 1870 1642 1915 relata
1670 1869 1888 1914 decretum
1918 1877 1997 1930 est,
2034 1877 2082 1916 ut
2100 1871 2280 1933 primum
2300 1872 2535 1933 sumptibus

314 1958 521 2003 societatis
574 1957 783 2018 posterius
835 1959 915 2003 hoc
967 1974 1071 2019 opus
1125 1965 1433 2020 praepararetur
1484 1966 1528 2004 et
1578 1959 1667 2019 ejus
1718 1960 1892 2005 materia
1938 1961 2237 2021 colligeretur,
2304 1963 2426 2024 eique
2477 1963 2537 2007 rei

316 2046 647 2092 administrandae
682 2048 888 2109 suffragiis
925 2049 1135 2093 societatis
1171 2056 1256 2094 tres
1292 2049 1456 2093 sodales
1492 2050 1703 2110 praepositi
1739 2057 1858 2110 sunt,
1894 2048 2214 2112 Enyelstoft,
2260 2049 2536 2115 Werlauff,

315 2133 970 2198 Kolderup-Rosencz‘nqe.
1041 2138 1097 2183 Hi
1141 2154 1271 2200 quum
1307 2138 1521 2198 juniorum
1565 2154 1692 2200 opera
1736 2139 1789 2184 ad
1823 2140 1974 2201 scripta
2009 2141 2203 2186 historica
2238 2142 2538 2202 perscrutanda

315 2226 616 2287 materiamque
651 2228 926 2288 colligendam
960 2228 1021 2272 uti
1057 2229 1314 2289 coepissent,
1360 2228 1510 2273 eodem
1546 2245 1654 2274 anno
1690 2228 1730 2275 d.
1768 2228 1887 2274 21ΙῘῙΟ
1920 2230 2168 2276 Novembris
2205 2230 2257 2275 ad
2294 2231 2537 2276 societatem

318 2314 368 2359 de
413 2316 584 2360 consilio
627 2317 688 2361 rei
736 2317 908 2377 agendae
952 2316 1162 2379 descripto
1205 2326 1248 2363 et
1292 2317 1344 2363 de
1388 2318 1486 2379 ipsis
1531 2319 1744 2365 laboribus
1789 2318 1990 2364 inchoatis
2026 2321 2292 2366 rettulerunt.
2363 2321 2537 2380 Placuit,

317 2405 357 2448 in
407 2405 585 2464 regestis
626 2407 863 2467 recenseri,
918 2423 1176 2468 quaecunque
1211 2408 1358 2453 litterae
1398 2406 1704 2470 (documenta,
1758 2405 1879 2468 acta)
1922 2409 2006 2454 sive
2042 2409 2217 2469 publicae
2254 2410 2336 2456 sive
2373 2411 2539 2471 privatae

318 2493 357 2538 in
384 2494 518 2538 Dania
545 2502 711 2540 extrave
741 2512 833 2540 eam
860 2496 1050 2557 proditae,
1087 2497 1166 2541 hoc
1199 2513 1376 2558 regnum
1412 2514 1586 2559 remque
1622 2499 1830 2559 publicam
1855 2500 2072 2543 Danorum
2108 2504 2179 2542 aut
2214 2506 2362 2543 coetus
2390 2499 2536 2545 civium

328 2597 556 2643 eorumque
608 2600 675 2629 res
729 2592 800 2630 aut
849 2586 1065 2645 rationes,
1119 2602 1211 2647 quae
1261 2587 1371 2632 inter
1423 2587 1609 2647 singulos
1654 2589 1762 2633 cives
1805 2586 2170 2646 intercessissent,
2224 2588 2304 2632 ulla
2341 2604 2392 2632 ex
2420 2595 2538 2650 parte

323 2671 596 2731 attingerent,
650 2674 796 2719 harum
834 2675 1067 2720 litterarum
1104 2683 1376 2736 argumenta,
1422 2677 1455 2721 si
1490 2677 1636 2722 Latine
1673 2678 1772 2740 ipsae
1809 2677 1970 2737 scriptae
2006 2682 2168 2734 essent,
2215 2677 2388 2737 Latine,
2434 2678 2537 2723 reli-

324 2774 496 2818 quarum
535 2763 740 2823 omnium,
795 2765 879 2809 sive
913 2765 1071 2810 Danico
1108 2765 1192 2810 sive
1228 2766 1309 2810 alio
1346 2782 1540 2812 sermone
1575 2767 1737 2828 scriptae
1773 2774 1936 2826 essent,
1980 2760 2138 2810 Danice
2175 2766 2215 2809 in
2253 2766 2454 2826 epitomas
2493 2773 2536 2811 et

325 2861 506 2892 summas
547 2851 722 2897 conferri
768 2853 955 2911 debere,
1009 2855 1221 2899 terminari
1264 2862 1405 2900 autem
1447 2872 1552 2917 opus
1588 2873 1626 2902 a.
1669 2850 1823 2916 1660,
1877 2872 1961 2918 quo
2005 2871 2111 2899 anno
2154 2855 2355 2900 absolutae
2389 2871 2537 2917 regum

327 2936 517 2994 potestati
552 2941 783 2999 respublica
819 2950 958 2987 nostra
995 2944 1197 3004 permissa
1233 2952 1312 2990 est.

589 3027 739 3086 Operis
790 3046 1059 3091 progressum
1105 3040 1147 3078 et
1190 3034 1331 3095 primis
1381 3037 1495 3080 annis
1540 3041 1583 3080 et
1616 3042 1763 3096 postea
1800 3034 2011 3094 complura
2048 3032 2390 3094 intervenerunt,
2444 3050 2537 3096 quae

330 3111 610 3169 retardarent,
647 3131 783 3177 neque
818 3121 985 3165 omnino
1021 3129 1105 3167 tam
1141 3122 1182 3168 id
1217 3123 1423 3184 agendum
1458 3124 1693 3185 videbatur,
1729 3131 1776 3169 ut
1812 3138 1936 3185 quam
1973 3122 2188 3168 celerrime
2216 3124 2536 3184 procederetur,

2642 282 2649 330 ἱρῇ
2641 183 2645 266 quw*
2641 138 2643 145 ,
2637 0 2643 111 -.est-K-

2643 333 2649 374 t
