2649 3686
162 334 274 374 1209.

102 404 166 436 30.
204 403 320 436 Octbr.

114 736 168 767 31.
208 735 322 767 octbr.

119 1082 173 1112 31.
211 1081 322 1111 octbr.

122 1348 174 1378 31.
213 1346 321 1377 octbr.

137 1924 140 1930 ’
171 1942 283 1981 1210.

99 2028 153 2058 3⁰.
188 2028 328 2058 ,lanuarn

144 2310 174 2341 7.
200 2309 292 2347 Maji.

133 2710 186 2741 30.
224 2711 334 2743 Octbr.

341 164 406 213 82
1011 157 1166 204 Koxc.
1198 152 1487 200 VALDEMAR
1520 162 1617 194 DEN
1653 143 1856 192 Axnnx.

535 312 537 315 Α
604 332 733 381 [577.]
791 330 1041 370 lxxocswn
1085 322 1206 376 (mni)
1249 333 1360 374 papae
1400 317 1451 356 ad
1478 315 1678 355 Andream
1718 313 2066 365 archiepiscopum
2102 311 2360 350 Lundensem
2401 311 2543 361 literae,

349 405 492 458 quibus
528 405 563 442 ei
593 403 789 442 licentiam
824 399 891 438 dat
926 399 1051 436 virum
1089 392 1282 447 quendam
1318 389 1552 441 episcopum
1580 383 1778 422 Fialandae
1818 382 1910 434 (sic)
1948 381 2229 433 inaugurandi,
2273 394 2363 420 cum
2398 383 2457 421 vir
2491 385 2546 422 sit

347 474 522 513 moribus
557 477 597 512 et
633 475 745 510 aetate
775 473 949 508 maturus
978 470 1018 505 et
1046 464 1212 504 scientia
1248 463 1288 499 et
1321 455 1530 496 virtutibus
1566 453 1795 499 redimitus,
1847 453 1925 491 etsi
1962 451 2169 503 illegitimo
2207 452 2457 491 matrimonio
2493 454 2546 491 sit

348 547 589 596 procreatus.
620 563 666 568 —
702 539 925 584 Laterani,
954 534 1021 574 ΙΙΙ.
1052 532 1200 572 calend.
1228 526 1439 570 Novembr.
1468 523 1608 576 pontif.
1638 536 1739 561 anno
1768 521 1862 561 XII.

736 609 848 640 Innoc.
873 603 961 637 111tii
981 615 1052 647 epp.
1078 604 1129 634 ed.
1154 601 1267 633 Baluz.
1293 598 1337 631 11.
1361 595 1441 628 361.
1499 593 1677 634 Liljegrcn
1701 591 1928 635 Diplomatar.
1955 593 2097 625 Svecan.
2124 591 2153 625 Ι.
2177 602 2231 626 no.
2260 591 2336 624 136.
2368 602 2400 635 p.
2437 591 2546 624 161-

742 668 816 701 162.
865 667 938 699 cfr.
965 665 1068 697 Suhm
1095 662 1184 695 nist.
1211 661 1250 693 af
1271 658 1418 692 Danmk.
1444 656 1507 687 IX.
1536 653 1611 686 151.
1640 653 1716 686 152.

610 731 735 779 [578]
794 727 1006 767 Innocentii
1046 723 1169 774 (llltii)
1217 719 1386 774 epistola
1421 715 1473 755 ad
1502 715 1691 754 Ottonem
1728 716 2006 768 imperatorem
2047 714 2292 761 Romanurn,
2336 719 2381 754 ut
2421 718 2547 767 provi-

352 804 460 849 (leat,
490 815 538 840 ne
567 802 656 853 quis
684 798 927 838 subditorum
957 796 1046 847 ejus
1074 805 1232 844 regnum
1261 790 1535 828 wirma-mm
1564 785 1723 825 DAMAE
1755 797 1880 824 REGIS
1918 784 2046 824 denuo
2076 784 2252 832 infestet,
2281 784 2373 824 dum
2402 785 2550 824 absens

352 876 461 911 esset
492 872 528 909 in
559 869 805 921 expeditione
835 866 884 905 ad
913 864 1140 915 religionem
1170 860 1422 899 christianam
1451 855 1759 909 propagandam.
1790 877 1838 882 —
1883 855 2113 903 Laterani,
2156 853 2203 893 ll.
2233 855 2307 894 cal.
2335 854 2548 895 Novembr.

352 940 487 993 pontis.
518 953 616 978 anno
646 937 735 977 Xll.

738 1007 850 1038 Innoc.
875 1001 961 1036 111tii
982 1013 1053 1045 epp.
1081 1001 1131 1033 ed.
1156 999 1271 1032 Baluz.
1297 997 1342 1030 II.
1367 995 1448 1028 362.

612 1067 740 1116 [579]
798 1065 1049 1104 lmocfflwn
1080 1059 1203 1109 (Illffi)
1239 1057 1409 1112 epistola
1438 1057 1489 1096 ad
1524 1071 1657 1118 regem
1685 1057 1820 1097 Daciae
1849 1057 2165 1105 WValdemarum,
2209 1061 2253 1096 ut
2286 1059 2454 1111 paganis
2487 1072 2550 1099 ex-‚

350 1138 563 1192 stirpandis
606 1141 673 1175 aut
709 1135 921 1174 christiana
959 1132 1145 1184 religione
1183 1128 1409 1169 imbuendis
1439 1141 1595 1167 omnem
1625 1141 1758 1167 curam
1789 1128 2003 1181 impendat.
2035 1150 2082 1155 —
2121 1128 2353 1177 Laterani,
2396 1127 2445 1168 ll.
2476 1129 2550 1169 cal.

350 1207 555 1248 Novembr.
584 1205 720 1259 pontis.
750 1218 850 1243 anno
878 1201 967 1242 XII.

735 1275 848 1307 Innoc.
872 1269 959 1305 ΙΙΙῑῑἰ
979 1281 1051 1313 epp.
1077 1270 1129 1302 ed.
1154 1269 1275 1302 Baluz.
1301 1269 1348 1302 ΙΙ.
1372 1264 1453 1302 362.

603 1335 730 1384 [580]
786 1333 1035 1372 ΙΝΝοοΕΝΤιι
1067 1329 1189 1381 (Illffi)
1221 1330 1393 1383 epistola
1422 1330 1472 1369 ad
1500 1330 1689 1383 populum
1711 1330 1920 1376 Danicum,
1946 1334 1990 1370 ut
2017 1331 2100 1382 regi
2130 1343 2204 1369 suo
2233 1328 2489 1369 waldemaro
2515 1331 2553 1370 in

350 1407 595 1462 propaganda
617 1405 691 1444 fide
716 1404 928 1443 christiana
951 1406 1110 1441 strenue
1135 1401 1321 1440 auxilium
1339 1401 1451 1439 ferat.
1469 1422 1518 1428 -—
1536 1401 1765 1449 Laterani,
1795 1399 1844 1439 lI.
1868 1401 1940 1439 cal.
1956 1399 2169 1439 Novembr.
2186 1400 2326 1453 pontif.
2344 1413 2445 1439 anno
2461 1386 2551 1440 ΧΠ.
2582 1397 2589 1400 ”

743 1476 856 1507 Innoc.
880 1470 968 1506 1111ii
991 1483 1063 1515 epp.
1089 1471 1140 1503 ed.
1166 1471 1280 1503 Baluz.
1308 1471 1353 1503 Il.
1379 1470 1588 1505 362-363„

605 1536 732 1584 [581]
790 1536 841 1575 A.
871 1535 1043 1582 (Ascffiu
1076 1533 1136 1572 vel
1166 1529 1378 1581 Ase'o'rl'Z)
1404 1531 1684 1584 VVibergensis
1713 1532 1895 1584 episcopi
1926 1531 2120 1583 diploma,
2166 1544 2242 1585 quo
2273 1531 2484 1571 ecclesiam
2516 1534 2554 1571 in

353 1606 523 1658 Stranby
551 1620 639 1646 cum
679 1604 861 1645 omnibus
893 1605 1163 1657 pertinentiis,
1201 1606 1367 1655 excepto
1403 1617 1482 1642 uno
1510 1601 1658 1654 praedio
1694 1605 1734 1641 et
1763 1603 1878 1640 tertia
1905 1606 2017 1654 parte
2056 1601 2237 1648 decimae,
2282 1615 2366 1655 quae
2402 1602 2453 1641 ad
2490 1616 2554 1642 su-

353 1678 628 1716 stentationem
658 1676 791 1714 vicarii
821 1674 1018 1713 destinata
1047 1678 1167 1720 erant,
1198 1672 1384 1713 fratribus
1408 1673 1638 1712 monasterii
1660 1671 1904 1713 Vitescholae
1929 1673 2020 1724 jure
2048 1676 2241 1725 perpetuo
2270 1671 2555 1724 possidendam

355 1748 542 1798 assignat.
573 1768 620 1773 —
653 1745 749 1784 Sine
778 1758 890 1783 anno.

736 1816 822 1848 Dan.
847 1814 1004 1847 Biblioth.
1028 1815 1089 1848 VI.
1120 1811 1287 1846 158—60.
1337 1812 1411 1846 cfr.
1437 1812 1578 1845 Danske
1602 1811 1762 1853 Magazin
1786 1814 1812 1845 1.
1842 1811 1917 1844 139.
1951 1811 2058 1844 Suhm
2073 1811 2164 1844 Hist.
2178 1812 2219 1844 af
2233 1812 2378 1845 Danmk.
2399 1811 2461 1844 IX.
2479 1811 2555 1845 155.

1373 1925 1519 1973 1210.

610 2024 736 2074 [582]
792 2023 1041 2064 stocffirn
1083 2021 1213 2074 (Illffi)
1258 2023 1429 2077 epistola
1468 2022 1519 2061 ad
1555 2036 1692 2074 reges,
1737 2022 1938 2074 principes
1981 2025 2021 2061 et
2055 2021 2228 2074 populos
2264 2021 2400 2062 Daniae
2437 2036 2555 2074 regno

353 2097 674 2148 circumpositos,
718 2108 794 2148 qua
829 2094 1091 2133 anathematis
1122 2094 1298 2147 jaculum
1336 2095 1388 2133 iis
1423 2094 1611 2139 minatur,
1655 2094 1689 2131 si
1727 2091 1982 2130 Waldemaro
2012 2091 2212 2130 Danorum
2255 2105 2347 2144 rege
2389 2091 2556 2132 absente

353 2179 510 2217 regnum
541 2166 629 2215 ejus
659 2164 940 2203 infestaverint.
969 2189 1023 2194 --
1050 2165 1278 2212 Laterani,
1309 2163 1377 2202 Ill.
1407 2164 1479 2202 cal.
1510 2162 1625 2201 Febr.
1654 2162 1795 2215 pontif.
1825 2176 1925 2201 anno
1957 2160 2048 2200 XII.

740 2235 856 2268 Innoc.
881 2233 968 2268 uitii
989 2246 1060 2279 epp.
1087 2235 1140 2273 ed.
1165 2235 1280 2267 Baluz.
1309 2235 1353 2267 ll.
1375 2233 1454 2266 391.

610 2296 737 2344 [583]
794 2295 1050 2336 INNocEx'rn
1081 2295 1208 2350 (Ubii)
1239 2296 1289 2334 ad
1316 2295 1611 2333 waldemarum
1640 2294 1842 2332 Danorum
1871 2305 2002 2344 regem
2032 2293 2167 2338 literae,
2197 2294 2234 2330 in
2260 2292 2405 2345 quibus
2428 2294 2555 2333 zelum

354 2369 457 2418 regis
486 2366 636 2413 laudat,
668 2366 771 2419 quod
801 2368 838 2405 in
867 2367 1089 2406 christianae
1120 2367 1323 2417 religionis
1353 2365 1540 2404 honorem
1572 2366 1727 2416 signum
1754 2364 1884 2402 crucis
1908 2362 2101 2401 adversus
2121 2375 2299 2415 paganos
2320 2366 2557 2417 susceperit,
2619 2394 2625 2411 k

355 2437 546 2490 simulque
575 2436 764 2483 declarat,
795 2451 839 2475 sc
868 2450 1077 2488 personam
1107 2438 1213 2488 regis
1243 2441 1283 2475 et.
1311 2449 1472 2487 regnum
1503 2434 1577 2474 sub
1608 2434 1644 2474 b.
1677 2434 1784 2473 Petri
1815 2437 1854 2471 et
1883 2446 1995 2471 suam
2027 2434 2312 2483 protectionem
2338 2435 2556 2486 suscipere.
2625 2448 2631 2458 ⁴

354 2529 401 2534 —
434 2507 657 2553 Laterani,
686 2521 775 2546 non.
803 2507 923 2559 Maji,
953 2506 1124 2558 pontific.
1154 2519 1254 2544 anno
1284 2505 1393 2544 Xlll.
2622 2546 2626 2550 ‚

739 2577 853 2610 Innoc.
878 2574 967 2609 nltii
987 2587 1059 2618 epp.
1086 2576 1138 2608 ed.
1164 2576 1281 2608 Baluz.
1307 2576 1353 2608 11.
1379 2575 1457 2606 441.
1507 2574 1674 2618 Ray-nald.
1700 2573 1835 2607 Contin.
1862 2575 1982 2605 Baron.
2009 2573 2051 2605 ad
2076 2582 2154 2605 ann.
2183 2572 2281 2604 1210.
2307 2574 2439 2606 XXIV.
2462 2575 2556 2606 Tum.
2618 2558 2624 2602 1'

741 2639 769 2671 Ι.
795 2649 826 2680 p.
850 2638 929 2671 301.
976 2638 1066 2680 Epit.
1091 2637 1124 2669 in
1149 2637 1291 2670 Meni-sii
1320 2638 1404 2680 Opp.
1431 2638 1526 2668 Tum.
1553 2637 1615 2668 IX.
1641 2635 1720 2668 409.
1746 2639 1814 2667 not.
1838 2636 1990 2668 Gramm.

613 2698 739 2747 [584]
797 2699 1011 2739 Innocentii
1042 2696 1165 2747 (uitii)
1196 2699 1376 2750 epistolae
1406 2698 1455 2737 ad
1484 2697 1670 2749 praelatos
1695 2697 1968 2742 Germanicos,
1998 2695 2244 2741 mandantes,
2275 2699 2318 2735 ut
2340 2697 2557 2748 episcopus
2617 2700 2621 2704 ’

361 2768 677 2819 Osnaburgensis
713 2769 750 2806 in
788 2769 1166 2822 archiepiscopatum
1205 2768 1462 2808 Bremensem
1500 2769 1697 2813 mittatur,
1739 2771 1782 2804 ut
1812 2767 1911 2805 hanc
1955 2765 2165 2819 ecclesiam
2205 2769 2340 2804 contra
2375 2765 2557 2805 WAnm-x.

364 2850 508 2875 manum
545 2839 789 2889 (episcopum
827 2838 1117 2878 Slcsvicensem
1157 2843 1196 2877 et
1224 2842 1366 2890 postea
1395 2837 1563 2877 electum
1592 2836 1868 2883 Bremensem)
1911 2838 2077 2873 tueatur.
2121 2857 2173 2863 —-—
2214 2836 2444 2884 Laterani,
2489 2834 2556 2874 ΠΙ.
2616 2831 2649 2837 ’

365 2906 435 2943 cal.
463 2905 670 2945 Novembr.
702 2906 837 2957 pontis.
867 2919 967 2944 anno
996 2906 1102 2945 Xlll.

748 2975 859 3006 lnnuc.
884 2973 973 3007 lllffi
993 2985 1063 3017 opp.
1091 2976 1140 3007 ed.
1166 2977 1280 3009 Baluz.
1308 2977 1353 3010 11.
1379 2977 1549 3009 483—85.
1597 2977 1733 3019 Miinter
1757 2976 1852 3015 Mag.
1877 2974 1934 3007 fiir
1959 2974 2229 3015 Kirchengesch.
2256 2976 2282 3007 1.
2307 2975 2480 3008 376—80.

622 3033 748 3082 [585]
803 3034 944 3074 Literae
974 3035 1116 3087 quibus
1146 3037 1332 3084 Parnes,
1363 3039 1581 3090 episcopus
1610 3035 1908 3082 Roskildensis,
1938 3037 2043 3087 regis
2073 3035 2344 3083 cancellarius,
2375 3037 2555 3077 ecclesiae
2614 3064 2616 3091 ÷

368 3117 399 3140 s.
444 3103 627 3141 trinitatis
671 3106 709 3141 et
745 3103 782 3142 b.
818 3103 932 3143 Lucii
971 3105 1104 3144 tribuit
1140 3108 1395 3148 ecclesiarum
1432 3107 1652 3146 vacantium
1689 3105 1901 3152 beneficia,
1946 3118 2030 3158 quae
2069 3109 2258 3145 vocantur
2296 3107 2472 3154 annalia,
2516 3110 2556 3147 et

369 3177 506 3211 terrani
531 3172 569 3210 X
597 3186 807 3212 marcarum
836 3176 927 3212 auri.
958 3197 1005 3203 -—
1038 3176 1132 3215 Sine
1162 3190 1273 3216 anno.
1619 3219 1625 3231 x

756 3240 857 3275 Suhm
883 3244 971 3277 nist.
998 3245 1038 3277 af
1055 3246 1198 3279 Danmk.
1223 3248 1284 3280 IX.
1311 3247 1389 3281 776.
1417 3247 1479 3281 cfr.
1508 3246 1582 3279 180.
