2649 3686
184 322 299 361 1361.

130 401 161 431 7.
201 401 343 431 Januar.

132 607 163 636 7.
197 606 340 637 Januar.

131 922 163 950 (Α.
190 921 328 950 januar.

98 1186 112 1202 Φ
139 1186 191 1215 21.
224 1183 324 1215 Febr.

144 1739 193 1771 19.
218 1738 309 1779 Maji.

133 2080 187 2113 26.
214 2079 318 2112 Junii.

135 2425 189 2455 29.
222 2425 317 2458 Julii.

135 2620 158 2649 Ι.
182 2618 334 2660 Augusti.

114 2948 162 2979 15.
190 2946 343 2988 Augusti.

364 136 463 186 292
1064 136 1217 184 lzoxe
1249 133 1538 180 WsALnEMAR
1572 130 1863 178 AKTTERDAG.

1387 299 1533 349 1361.

630 393 783 442 [2463]
839 392 957 443 Kong
993 391 1253 430 VALnEmAsss
1297 387 1550 437 privilegium
1596 385 1654 424 sor
1695 384 1811 424 Lund
1847 385 1859 423 i
1897 385 2068 424 Skaane.
2110 408 2160 414 —
2205 386 2352 435 Lund,
2396 391 2568 428 crastino

366 465 584 519 epiphaniae
613 463 689 502 die.
1650 512 1654 518 Δ
2022 490 2025 492 ,

756 528 1164 571 Koldcrup-Rosenvinge
1189 526 1280 558 Sam!
1319 526 1359 557 af
1378 525 1425 566 gl.
1451 524 1584 556 danske
1608 525 1703 555 Love
1727 525 1773 556 V.
1798 523 1947 557 64-69.
1996 524 2066 557 Jfr.
2090 526 2153 557 Nr.
2177 524 2279 558 2464.

626 594 779 641 [2464]
836 590 1067 628 Hahnstads
1096 588 1320 638 Privilegier
1357 600 1406 638 og
1436 584 1640 631 Stadsret,
1686 577 1802 637 giv'ne
1833 586 1877 624 af
1899 585 2019 638 Kong
2047 586 2304 625 VALnFmAR.
2343 609 2393 615 —-
2431 588 2570 629 Halm-

365 666 486 714 stad,
514 664 649 716 Dagen
681 665 778 700 naest
806 660 903 698 ester
930 658 1033 696 Hell.
1064 658 1137 696 Tre
1166 657 1350 708 Kongers
1382 656 1479 706 Dag.
1700 700 1703 701 ⁷
2364 657 2567 709 (Svensk).

753 729 967 762 Richardson
994 727 1181 760 Ballandia
1205 738 1235 768 p.
1265 724 1435 757 126—29.
1483 725 1532 756 Er
1556 725 1597 756 af
1617 734 1746 756 samme
1771 724 1936 767 ludham,
1972 735 2045 757 som
2080 725 2135 757 det
2160 725 2404 769 foregaaeMe,
2440 739 2571 763 summe

750 792 818 822 Aar
844 799 887 829 og
911 790 1007 829 Bag,
1032 798 1106 820 men
1134 787 1143 819 i
1169 790 1266 820 chn
1292 787 1447 819 udstedte
1471 785 1691 827 Privilegium
1717 787 1772 819 for
1795 788 1915 830 Lund,
1954 798 1998 829 og
2023 797 2059 819 er
2084 788 2241 831 forsynet
2264 789 2339 820 med
2368 789 2408 821 de
2443 800 2570 824 samma

754 850 906 882 Vidncrs
931 849 1161 881 Undcrskrift.

621 913 773 961 [2465]
832 910 1141 956 Testimonium,
1187 909 1292 962 quod
1335 908 1373 947 d.
1409 909 1747 956 W'ALDEMARUS,
1791 909 1869 948 dux
1900 909 2046 957 Juciae,
2089 909 2166 949 (1ᾗο
2196 910 2335 958 Petro,
2379 913 2569 966 episcopo

362 986 551 1039 Ripensi.
582 983 735 1021 nomine
766 980 943 1018 ecclcsiae
973 979 1169 1031 Ripensis
1200 979 1235 1018 b.
1266 980 1432 1031 virginis
1461 979 1619 1027 Mariae,
1654 981 1726 1032 jus
1755 994 1870 1019 suum
1901 982 2007 1019 circa
2037 979 2264 1033 parochiam
2294 981 2570 1034 Mykeltunder

362 1055 582 1095 scotaverit.
614 1073 662 1080 —
699 1051 892 1095 Tumlris,
923 1049 1116 1088 sabbatho
1145 1050 1324 1101 proximo
1354 1053 1449 1101 post
1478 1049 1744 1102 epiphaniam.

749 1120 854 1151 subm
882 1119 969 1151 nist.
995 1119 1034 1150 af
1055 1120 1202 1151 Danmk.
1228 1119 1326 1152 XIII.
1351 1119 1523 1152 8:39—40.

619 1181 773 1230 [2466]
832 1181 1062 1220 Coxscnum
1104 1180 1478 1219 Wismnmxsmm
1530 1181 1579 1220 ad
1631 1181 1817 1220 consules
1860 1180 2185 1220 Rostockienses
2233 1181 2372 1229 literae,
2426 1183 2569 1236 quibus

358 1253 644 1294 communicant
671 1251 962 1303 placitationem
993 1254 1034 1289 et
1061 1250 1406 1289 concordationem
1446 1265 1468 1290 a
1505 1251 1738 1291 consulibus
1767 1251 2143 1302 Hamburgensibus
2179 1256 2219 1290 et
2245 1251 2568 1300 Imbecensibus,

358 1325 530 1376 ipsorum
568 1325 607 1359 et
643 1322 933 1359 “communium
971 1321 1197 1360 civitatum'’
1236 1322 1411 1368 nomine,
1456 1325 1495 1372 et
1524 1321 1705 1369 Henrici,
1748 1321 1941 1360 Holzatiae
1972 1326 2011 1360 et
2041 1322 2265 1361 Stormarise
2295 1324 2454 1362 comitis
2483 1337 2569 1363 sen-

357 1394 474 1431 tentia
507 1405 552 1430 ac
581 1391 800 1437 voluntate,
830 1404 917 1428 cum
946 1389 1065 1428 Erico
1095 1390 1196 1429 duce
1226 1391 1409 1430 saxoniae
1439 1392 1609 1439 factam,
1652 1396 1695 1430 ut
1723 1406 1800 1444 pax
1830 1392 1936 1429 firma
1968 1393 2068 1430 inter
2097 1406 2169 1430 eos
2206 1392 2296 1431 “his
2326 1394 2362 1431 in
2393 1394 2570 1445 partibus

355 1466 396 1501 ct
425 1475 498 1500 non
529 1462 566 1499 in
595 1461 691 1498 mari
723 1460 781 1498 rel
811 1459 1010 1513 aliquibus
1038 1460 1221 1512 portibus
1249 1462 1396 1500 maris'
1427 1461 1627 1500 observari
1658 1461 1822 1508 debeat,
1866 1462 1998 1500 addita
2030 1462 2229 1501 clausula:
2272 1464 2335 1501 “si
2374 1464 2461 1515 ipse
2490 1463 2581 1517 dux.

355 1546 442 1570 cum
473 1532 559 1569 suis
589 1529 830 1582 sequacibus
859 1531 1007 1569 servire
1038 1535 1106 1569 aut
1129 1532 1269 1584 juvare
1299 1532 1467 1570 voluerit
1495 1546 1633 1583 restem
1662 1531 1808 1571 Dacice
1845 1533 1882 1571 in
1916 1534 2009 1571 mari
2039 1535 2079 1570 et
2109 1532 2229 1578 ultra,
2268 1531 2397 1572 facere
2426 1536 2570 1587 poterit

356 1602 442 1640 suis
471 1600 653 1639 fortuniis
683 1604 722 1638 ct
751 1600 930 1638 eventu⁷’.
958 1622 1012 1627 —
1042 1600 1271 1650 (Wismar)
1303 1601 1366 1640 die
1397 1604 1522 1640 sancti
1552 1601 1728 1640 Matthiae
1758 1603 1930 1654 apostoli
1960 1604 2064 1651 (sine
2095 1605 2226 1653 anno).

747 1670 923 1703 sartorius
950 1671 1075 1703 Gesch.
1101 1672 1160 1703 der
1185 1673 1300 1704 Hanse
1326 1672 1377 1704 ed.
1402 1672 1575 1715 Lappcnb.
1602 1673 1646 1704 Il.
1672 1682 1725 1704 no.
1753 1673 1892 1705 CCXV.
1919 1684 1950 1715 p.
1976 1672 2054 1705 498.

615 1731 769 1780 [2467]
830 1732 1091 1772 Concordatio
1116 1735 1216 1772 inter
1238 1747 1450 1772 coxsnms
1476 1746 1710 1772 crvi'ra‘run
1737 1733 1926 1781 Lunam,
1956 1734 2167 1780 VVrsman,
2190 1735 2407 1782 Rozsrox,
2437 1735 2567 1776 Sma-

354 1816 539 1842 LESSFND
571 1816 624 1842 ΕΤ
656 1802 843 1849 Srn‘rix,
887 1803 935 1842 de
973 1806 1141 1856 quatuor
1176 1803 1351 1842 millibus
1387 1817 1605 1842 marcarum
1645 1804 1891 1843 denariorum
1921 1803 2216 1844 Lubecensium
2253 1805 2566 1854 contribuendis,

354 1887 437 1926 quae
466 1872 716 1911 waldemaro
745 1872 881 1911 Daniae
910 1874 993 1925 regi
1021 1887 1092 1926 pro
1122 1872 1369 1913 libertatibus
1399 1875 1437 1913 in
1467 1874 1590 1913 Dacia
1630 1878 1671 1913 et
1699 1874 1844 1913 Scania
1873 1874 2074 1913 mittendae
2111 1878 2233 1914 erant.
2274 1898 2323 1904 —
2362 1875 2566 1926 Rostoclc,

354 1943 448 1982 seria
477 1942 543 1982 IV.
572 1947 667 1995 post
695 1947 965 1995 pentocosten.

744 2013 920 2045 sartorius
948 2013 1073 2045 Gesch.
1100 2014 1159 2046 dci·
1182 2015 1300 2046 Hanse
1327 2013 1377 2047 cd.
1403 2014 1578 2057 Lappcnb.
1603 2014 1649 2047 11.
1673 2025 1728 2047 no.
1755 2015 1879 2049 CCIX.
1904 2025 1936 2057 p.
1962 2014 2041 2047 490.

613 2074 767 2122 [2468]
824 2074 969 2114 Literae
1000 2074 1247 2115 Tonnfloxls
1277 2076 1467 2115 Jnn‘ssnx
1498 2089 1607 2116 chTl
1635 2076 1856 2123 ΧῩΒΕΜἭ,
1888 2076 2031 2129 quibus
2061 2089 2106 2114 se
2137 2076 2263 2114 omnia
2293 2076 2397 2116 bona
2427 2091 2499 2117 sua
2528 2080 2566 2118 in

354 2143 649 2183 westerhzjiste
679 2145 775 2190 sita,
806 2158 891 2197 quae
921 2144 970 2184 ab
998 2144 1225 2185 Hermanno
1255 2145 1466 2185 Niclessen
1495 2147 1607 2199 prius
1637 2150 1805 2193 emerat,
1843 2145 1975 2185 abbati
2005 2150 2044 2185 ct
2072 2145 2277 2193 monachis
2308 2146 2356 2185 de
2385 2148 2567 2201 Ltighum

354 2214 583 2252 vendidisse
613 2218 652 2252 et
681 2219 863 2254 scotasse
893 2219 1074 2254 testatur.
1117 2238 1168 2274 -Ι
1209 2216 1259 2256 In
1294 2217 1453 2269 placito
1491 2216 1742 2269 Lc’igylwrrit,
1786 2217 1966 2269 proximo
2004 2215 2170 2255 sabbato
2200 2220 2294 2268 post
2323 2219 2566 2258 nativitatem

354 2284 547 2323 Johannis
577 2284 769 2336 baptistae.

744 2355 931 2395 Langebek
958 2354 1096 2397 Scriptt..
1121 2353 1219 2387 VIII.
1246 2355 1301 2387 27.

619 2416 772 2464 [2469]
830 2415 948 2468 Kong
975 2417 1239 2455 manemus
1271 2432 1321 2469 og
1348 2417 1448 2456 hans
1473 2418 1555 2457 Stin
1581 2418 1907 2457 Cumsrormns
1931 2417 2206 2457 Stadfaestelse
2228 2418 2273 2457 af
2289 2419 2421 2472 Visby
2445 2421 2566 2460 Stads

356 2486 595 2538 Privilcgicr.
626 2509 674 2515 —
707 2488 842 2524 Sancti
873 2486 1013 2525 Olavis
1044 2486 1146 2538 dagh
1177 2486 1214 2525 (1.
1244 2487 1402 2539 hilghen
1433 2488 1668 2540 kouinghes.
2308 2490 2564 2543 (Plattydsk).

745 2556 847 2588 subm
876 2556 964 2589 nist.
990 2557 1030 2588 af
1051 2557 1196 2589 Danmk.
1222 2558 1318 2590 XIII.
1344 2557 1423 2590 839.

616 2617 770 2665 [2470]
829 2618 1037 2656 Placitatio
1069 2631 1294 2658 coxsnmm
1325 2623 1590 2659 “curm-run
1620 2620 1965 2667 namrlwmmm'ss.
1996 2619 2044 2658 de
2073 2619 2271 2659 mercibus
2301 2622 2367 2659 “in
2397 2622 2562 2661 Daniam

360 2684 418 2722 vcl
449 2685 484 2722 in
516 2686 696 2724 Scaniam
735 2691 802 2725 aut
838 2687 930 2725 alibi
969 2687 1067 2726 infra
1097 2717 1106 2726 .
1125 2717 1160 2727 ..
1196 2693 1353 2741 portum
1381 2688 1641 2728 Noressund²⁹
1681 2690 1731 2730 ad
1760 2691 1912 2729 interim
1943 2704 2020 2729 non
2051 2689 2297 2729 deducendis
2327 2696 2403 2731 etc.
2434 2714 2483 2720 —
2514 2692 2565 2732 In

368 2754 642 2806 Gripcsurold,
672 2756 733 2795 dic
764 2757 805 2794 S.
837 2757 940 2795 Petri
972 2758 1022 2795 ad
1050 2758 1216 2797 vincula.
2572 2814 2574 2820 Ι

748 2828 912 2859 Rostock.
938 2828 1116 2860 wochentl.
1140 2827 1335 2860 Nachricht.
1364 2827 1463 2861 1754.
1488 2839 1520 2871 p.
1544 2828 1694 2861 62—63.
1743 2828 1918 2862 Sar-torius
1945 2828 2072 2862 Gesch.
2098 2829 2158 2861 der
2181 2830 2300 2862 Hanse
2326 2832 2376 2864 ed.
2403 2833 2564 2875 happen-

746 2888 839 2929 berg.
865 2888 908 2920 ΙΙ.
934 2899 989 2921 no.
1020 2889 1125 2921 CCX.
1153 2900 1184 2931 p.
1211 2889 1381 2922 490—91.

625 2946 776 2996 [2471]
833 2949 980 2988 Maon
1015 2949 1194 2989 Svechiae
1223 2950 1429 3002 Norvegiae
1459 2955 1498 2989 et
1527 2951 1680 2990 Scauiae
1710 2952 1815 3003 regis
1845 2951 2033 3004 diploma,
2077 2964 2154 3004 quo
2192 2953 2343 2992 reditus
2373 2967 2472 2993 suos
2499 2967 2564 2993 an-

367 3026 464 3050 nuus
494 3012 540 3050 (lc
570 3015 714 3053 niinera
744 3019 850 3069 cupri
882 3020 917 3057 in
949 3019 1125 3058 dioecesi
1156 3021 1364 3059 Arusicnsi
1395 3022 1471 3059 sita
1502 3021 1801 3074 archiepiscopo
1831 3020 2062 3073 Upsaliensi
2099 3025 2138 3059 et
2175 3022 2438 3075 suffraganeis
2474 3025 2563 3076 ejus

368 3083 597 3133 oppignorat
624 3097 692 3133 pro
724 3091 887 3136 quatuor
916 3088 1089 3127 millibus
1119 3093 1158 3127 et
1188 3090 1483 3142 quadringentis
1512 3092 1657 3129 marcis
1687 3091 1945 3136 denariorum,
1974 3090 2024 3128 ad
2048 3104 2241 3130 cameram
2267 3093 2380 3132 sedis
2404 3096 2562 3146 aposto-

367 3151 448 3188 licae
479 3153 757 3201 spectantium,
788 3168 884 3206 quas
914 3162 1047 3195 mutuo
1078 3163 1301 3211 acceperat,
1330 3163 1400 3198 “ut
1427 3161 1544 3199 vicini
1576 3161 1699 3199 nostri
1729 3160 1877 3198 domini
1905 3159 2145 3198 waldemari
2175 3163 2281 3213 regis
2312 3162 2466 3209 Daciae,
2495 3163 2558 3215 qui

368 3220 531 3257 collecto
575 3220 670 3259 clam
713 3226 883 3262 exercitu
927 3228 1112 3278 copioso,
1157 3228 1272 3266 nobis
1311 3233 1350 3267 et
1387 3231 1537 3268 nostris
1573 3229 1841 3281 ignorantibus
1879 3233 2003 3268 terras
2040 3234 2196 3269 nostras
2234 3231 2485 3271 Gotlandiam
2522 3235 2562 3270 et

370 3281 573 3327 Olandiain
599 3291 680 3341 jani
711 3296 799 3331 actu
827 3294 1031 3333 crudeliter
1060 3297 1277 3344 invaserat,
1321 3298 1535 3346 incendiis,
1577 3298 1741 3338 cedibus
1780 3302 1820 3338 et
1854 3299 2021 3351 rapinis,
2066 3302 2298 3352 oportunius
2335 3305 2375 3340 et
2411 3301 2560 3340 virilius
