2649 3686
126 326 242 365 12:29.

102 520 135 552 9.
167 519 266 552 Febr.

98 1131 123 1162 1.
158 1128 283 1162 Martii.

94 1528 126 1559 6.
152 1525 279 1558 Martii.

91 1787 123 1818 6.
149 1784 276 1818 Martii.

80 2069 131 2100 10.
157 2066 284 2100 Martii.

142 2282 218 2322 post

81 2342 130 2373 10.
157 2340 284 2373 Martii.

86 2623 135 2654 ll.
169 2622 294 2654 Martii.

83 2902 137 2933 22.
164 2901 291 2935 Martii.

143 3239 218 3268 ante

78 3298 127 3332 15Λ
154 3297 293 3340 Aprilis.

315 153 413 202 130
957 150 1111 198 Koxe
1146 145 1487 196 Cnmsmopnssn
1523 156 1619 188 DEN
1654 139 1861 186 Pensm.
2138 164 2142 167 -

312 212 2516 249 ff———ae-ffl———l-——m

705 324 886 366 Langebek
911 321 1047 365 Scriptt.
1071 321 1116 353 V.
1140 319 1219 352 603.
1243 334 1287 341 —
1312 314 1477 356 Interpr.
1502 311 1599 344 Dan.
1626 321 1679 353 ap.
1704 309 1887 352 Hvitfeldt,
1920 310 2044 342 Danm.
2069 308 2177 350 Riges
2201 308 2357 342 Kronike
2380 320 2412 353 p.
2437 309 2517 351 256,

706 397 760 429 ap.
794 386 960 425 umber-g,
996 384 1115 416 Danm.
1147 379 1237 412 Hist.
1269 377 1297 409 Ι.
1333 375 1413 408 336.
1446 376 1480 405 et
1512 383 1565 415 ap.
1600 372 1725 413 subm,
1766 371 1857 404 nist.
1891 371 1932 403 af
1959 371 2108 403 Danmk.
2131 372 2178 407 X.
2203 371 2283 404 369.
2344 371 2518 427 German.
2567 372 2578 397 Ι

705 448 867 490 interpr.
894 456 946 488 ap.
972 442 1219 485 Pontoppidan,
1252 437 1375 471 Annal.
1402 435 1523 468 eccles.
1549 435 1638 466 Dan.
1664 433 1690 465 I.
1716 432 1797 465 698.

576 509 730 558 [lo-25]
787 509 822 548 J.
862 507 953 557 (leg.
975 505 1043 560 sP.
1080 516 1114 541 o:
1151 500 1296 548 Pe'riu)
1337 496 1591 536 miseratione
1635 493 1768 531 divina
1806 492 2119 532 Roschildensis
2157 494 2338 547 episcopi
2375 493 2425 532 ad
2455 493 2518 533 de-

317 595 453 622 canum
491 585 531 620 et
565 579 779 632 capitulum
808 561 1139 616 Roschildensem
1177 573 1379 620 totumque
1415 566 1560 604 clerum
1603 563 1806 602 dioecesis
1840 563 2152 623 Roschildensis
2188 564 2331 610 literae,
2375 564 2521 617 quibus

317 651 561 705 prohibetur,
591 663 638 687 ne
668 648 825 686 “divina
855 644 1097 684 celebrentur
1123 641 1273 693 private
1301 637 1363 676 vel
1391 634 1549 688 publice
1578 637 1647 672 aut
1682 646 1881 687 campanae
1918 634 2124 687 pulsentur
2151 638 2311 687 propter
2348 638 2520 674 atrocem

319 722 497 774 injuriam
529 717 761 759 venerabilis
789 715 913 768 patris
942 712 1089 751 domini
1117 707 1368 752 Lundensis,
1407 705 1475 758 qui
1508 733 1517 742 .
1535 733 1544 742 .
1562 733 1571 742 .
1589 732 1598 741 .
1629 706 1772 755 captus
1801 704 1876 749 sit,
1916 717 2124 756 quousque
2153 703 2202 742 de
2235 703 2371 743 dolore
2400 706 2521 758 capti-

317 792 451 829 vitatis
486 787 676 840 receperit
714 785 895 824 solatium
933 786 973 821 et
1007 781 1056 819 de
1089 780 1194 831 gravi
1232 789 1304 815 sua
1342 778 1381 814 et
1417 787 1499 812 suae
1538 773 1718 812 ecclesiae
1757 774 1899 826 injuria
1925 775 2093 826 justitiae
2123 774 2331 813 sufficiens
2360 775 2521 827 compli-

318 859 526 899 ment1un”.
589 856 712 903 (Inest
740 853 969 892 constitutio
1006 850 1130 889 “Cum
1160 847 1329 886 ecclesia
1357 844 1560 883 Daciana”
1589 843 1792 897 hujusque
1830 844 2076 883 confirmatio
2101 844 2288 897 papalis).
2317 866 2370 872 —
2399 844 2526 897 Apud

319 931 527 969 civitatem
556 926 863 977 Haffnymzsem,
895 920 984 958 idus
1013 918 1197 957 Februar.
1228 916 1323 965 (V.).

704 991 888 1032 Langchek
914 989 1052 1031 Scriptt.
1078 990 1123 1020 V.
1147 986 1216 1019 602
1241 989 1273 1017 et
1295 983 1491 1017 600—601.
1548 982 1646 1027 (Cfr.
1671 983 1843 1016 Hvitfeldt
1866 985 1989 1016 Danm.
2015 983 2122 1025 Riges
2147 986 2255 1018 Kron.
2286 996 2319 1028 p.
2350 985 2521 1019 255-56.

702 1051 931 1094 Pontoppidan
955 1049 1090 1084 Annali.
1117 1048 1197 1080 eccl.
1222 1049 1307 1079 Dan.
1333 1047 1360 1078 1.
1385 1045 1467 1078 697.
1516 1046 1621 1078 Suhm
1646 1045 1738 1077 nist.
1763 1046 1802 1077 af
1822 1046 1971 1078 Danmk.
1996 1046 2043 1078 X.
2068 1046 2180 1090 370.)

575 1114 719 1166 [1026]
774 1114 1035 1151 AmxANDM
1072 1107 1184 1159 (lvti)
1222 1122 1334 1161 papae
1370 1107 1422 1146 ad
1457 1107 1648 1146 Jerlerum
1678 1107 2023 1160 archiepiscopum
2054 1107 2336 1160 Upsaliensem
2375 1113 2416 1149 et
2444 1111 2523 1162 epi-

315 1202 461 1241 scopos
496 1187 784 1237 Lincopensem
826 1185 867 1220 et
903 1180 1205 1231 &vibergensem
1245 1178 1293 1216 de
1328 1179 1594 1229 permissione
1636 1178 1876 1216 matrimonii
1912 1177 2013 1216 inter
2039 1177 2335 1218 waldemarum
2371 1179 2524 1219 Sveciae

314 1272 443 1311 regem
474 1261 513 1296 et
542 1253 729 1306 Sopbiam
760 1253 905 1304 neptim
936 1248 1209 1301 Christophori
1238 1248 1376 1295 Daniae
1405 1249 1513 1299 regis
1543 1247 1723 1293 ineundi,
1768 1249 1846 1286 etsi
1886 1248 2000 1287 tertia
2030 1250 2390 1301 consangvinitatis
2418 1250 2523 1290 linea

314 1328 509 1381 conjuncti
538 1326 685 1364 essent.
713 1344 767 1350 -—
796 1323 1011 1372 Anaqnice,
1042 1319 1192 1358 calend.
1222 1317 1378 1363 Martii,
1414 1317 1554 1370 pontis.
1585 1331 1686 1356 anno
1715 1318 1865 1370 quinto.

701 1390 861 1425 Vastovii
894 1390 976 1421 vitis
1014 1388 1163 1432 aquilon.
1195 1399 1227 1431 p.
1263 1388 1339 1421 180.
1398 1388 1571 1432 Raynald.
1600 1387 1736 1420 Contin.
1763 1389 1884 1420 Bai-on.
1910 1387 1951 1420 ad
1976 1388 2188 1422 ann.·l259.
2213 1390 2311 1423 XIX.
2338 1392 2434 1424 Tom.
2460 1392 2522 1425 111.

697 1465 730 1497 p.
751 1452 807 1485 39.
855 1452 1028 1493 Liljegren
1042 1450 1134 1493 Dipl.
1148 1452 1244 1483 Svec.
1262 1451 1288 1483 Ι.
1303 1461 1358 1483 no.
1379 1450 1458 1485 463.
1473 1461 1504 1493 p.
1520 1449 1693 1482 397—98.
1743 1449 1817 1482 cfr.
1838 1450 1944 1482 subm
1959 1449 2050 1482 Hist.
2071 1452 2111 1483 af
2127 1453 2278 1485 Danmk.
2292 1453 2336 1485 X.
2350 1452 2524 1486 362371.

574 1515 727 1565 [1027]
786 1514 1108 1553 ΟΗΜΞΤΟΡΗοιιι
1151 1513 1258 1564 regis
1296 1512 1417 1551 literae
1456 1511 1506 1550 ad
1541 1512 1796 1564 praepositum
1835 1514 1875 1550 et
1911 1512 2126 1564 capitulum
2156 1514 2335 1553 ecclesiae
2364 1515 2524 1554 Roskil.

312 1591 466 1635 densis,
496 1590 532 1627 in
565 1586 708 1640 quibus
735 1586 913 1631 miratur,
944 1597 1011 1622 cur
1039 1583 1114 1621 deo
1145 1582 1278 1622 debita
1309 1582 1544 1621 subtrahant
1573 1581 1702 1621 officia
1732 1585 1773 1620 et
1801 1582 1839 1620 in
1863 1585 2132 1635 contemptum
2156 1585 2272 1636 regiae
2297 1586 2524 1638 majestatis

313 1660 518 1700 clamorem
547 1671 658 1710 papae
688 1659 822 1695 contra
853 1655 983 1707 ipsum
1014 1654 1178 1704 (regem)
1207 1653 1392 1692 excitent.
1424 1675 1473 1680 —
1505 1653 1600 1692 Sine
1630 1665 1731 1691 anno
1761 1655 1802 1690 et
1831 1651 1905 1690 die.

700 1725 886 1766 Langebek
911 1722 1049 1765 Scriptt.
1075 1724 1122 1754 V.
1148 1722 1229 1756 602.

568 1786 714 1837 [1028]
772 1787 1092 1826 (ΣΗιιιεΤοΡΗοκι
1121 1785 1227 1836 regis
1256 1784 1376 1823 literae
1406 1784 1456 1823 ad
1484 1783 1645 1828 Petrum
1669 1784 1899 1839 episcopum
1922 1785 2248 1833 Roskildensem,
2274 1787 2338 1825 cui
2360 1788 2524 1834 nuntiat,

313 1859 416 1911 quod
445 1857 492 1896 ab
523 1858 610 1909 ipso
641 1862 679 1897 et
707 1856 878 1909 capitulo
907 1854 1170 1894 Roskildensi
1201 1868 1246 1893 se
1276 1853 1451 1894 indebite
1480 1860 1683 1907 gravatum
1714 1858 1882 1904 sentiat,
1923 1860 1997 1895 “ex
2034 1870 2082 1895 eo
2114 1856 2220 1908 quod
2256 1857 2293 1895 in
2324 1861 2523 1911 contemp-

313 1934 393 1968 tum
424 1929 545 1967 nostri
576 1941 719 1980 organa
748 1930 879 1966 vestra
908 1939 930 1964 a
960 1925 1076 1963 laude
1106 1924 1239 1963 divina
1269 1924 1557 1977 suspenditis''.
1588 1948 1641 1955 —-
1665 1927 1807 1980 Ripz's,
1838 1927 2014 1967 secundo
2045 1940 2172 1965 nonas
2201 1926 2348 1966 Martii.

701 1997 885 2038 Langebek
910 1995 1048 2039 Scriptt.
1073 1998 1119 2028 V.
1147 1995 1227 2028 602.

569 2058 712 2110 [1020]
769 2058 903 2097 ΡΕτῑιι
948 2059 1127 2111 episcopi
1170 2056 1456 2096 R'oskildensis
1506 2057 1749 2097 confirmatio
1792 2058 2040 2105 donationis,
2091 2071 2115 2097 a
2157 2056 2276 2098 Petro
2316 2050 2525 2101 Othensun

311 2131 489 2170 ecclesiae
519 2127 574 2168 Sti
602 2128 717 2169 Lucii
747 2129 898 2167 ohlatae.
929 2150 978 2155 —
1009 2127 1244 2175 laedendis,
1274 2126 1342 2165 Vl.
1374 2127 1426 2166 id.
1455 2127 1604 2167 Martii.

701 2198 889 2231 Thorkelin
913 2197 1139 2241 Diplomatar.
1165 2200 1410 2238 Arna-Magn.
1436 2198 1463 2230 I.
1490 2209 1523 2240 p.
1548 2198 1628 2230 237.

570 2270 724 2319 [1030]
784 2270 1112 2310 Cflnis'rOPHoni
1145 2270 1251 2322 regis
1280 2271 1421 2316 literae,
1451 2270 1599 2322 quibus
1626 2270 1776 2310 decano
1807 2275 1847 2311 et
1871 2272 2042 2325 capitulo
2058 2272 2322 2313 Roskildensi
2347 2262 2524 2315 secundo

311 2342 486 2381 districte
515 2341 692 2388 mandat,
727 2345 770 2379 ut
794 2342 927 2380 statim
958 2342 1058 2380 visis
1087 2341 1214 2379 literis
1245 2354 1384 2379 omnes
1414 2341 1611 2379 ecclesias
1649 2341 1850 2381 dioecesis
1879 2342 2165 2382 Roskildensis
2202 2349 2400 2394 reserant,
2441 2346 2524 2385 “di-

313 2403 397 2450 vina
425 2413 462 2450 in
491 2412 551 2450 eis
581 2411 708 2450 officia
738 2411 924 2450 celebrari
954 2411 1177 2449 nullatenus
1207 2410 1503 2463 prohibentes'’.
1534 2433 1583 2439 —
1616 2411 1712 2450 Sine
1738 2425 1854 2450 anno.
2250 2409 2260 2421 ⁸

697 2482 885 2522 Langebek
911 2481 1047 2524 Scriptt.
1072 2482 1117 2513 V.
1142 2481 1291 2513 602-3.
1353 2483 1437 2513 Dan.
1470 2480 1609 2524 interpr.
1646 2493 1700 2524 ap.
1741 2481 1927 2523 Hvitfeidt,
1961 2483 2082 2513 Danm.
2109 2481 2217 2524 Riges
2243 2484 2350 2517 Kron.
2387 2496 2418 2528 p.
2443 2485 2523 2518 257.

701 2543 864 2575 German.
889 2542 1027 2586 interpr.
1054 2553 1107 2586 ap.
1132 2543 1387 2585 Pontoppidan,
1412 2543 1552 2575 Annali.
1578 2543 1701 2577 eccles.
1727 2545 1815 2575 Dan.
1842 2543 1868 2575 l.
1896 2554 1927 2585 p.
1951 2542 2147 2576 699—700.

576 2615 720 2666 [1031]
779 2616 1098 2655 Cams'rornom
1137 2617 1244 2667 regis
1282 2616 1426 2663 literae,
1469 2615 1614 2668 quihus
1649 2616 1898 2655 collationem
1943 2616 2120 2654 ecclesiae
2162 2616 2350 2657 Brewath
2393 2634 2525 2660 mona-

316 2685 433 2722 sterio
470 2684 566 2723 Loci
602 2685 677 2724 Dei
713 2699 783 2737 per
818 2685 985 2724 Abelem
1023 2699 1154 2737 regem
1194 2686 1337 2725 factam
1379 2686 1474 2734 (vid.
1506 2700 1622 2739 supra
1655 2700 1718 2724 no.
1747 2685 1856 2736 922.)
1886 2686 2101 2724 confirmat.
2146 2708 2195 2713 —
2241 2687 2388 2740 Ripe‘s,
2433 2691 2523 2731 idus

314 2753 443 2791 Martii
475 2755 620 2806 quinto.

702 2823 884 2863 Langehek
909 2825 1048 2867 Scriptt.
1072 2827 1168 2859 V111.
1198 2825 1366 2858 113—14.
1395 2825 1495 2857 120-
1508 2826 1563 2858 21.

576 2893 718 2944 [1032]
779 2895 901 2933 Pera:
946 2898 1125 2949 episcopi
1177 2898 1464 2937 Roskildensis
1515 2898 1636 2936 literae
1689 2896 1739 2935 ad
1766 2897 1990 2950 'capitulum
2029 2901 2069 2936 et
2111 2899 2278 2939 clericos
2321 2902 2524 2943 dioecesis

315 2961 613 3008 Roskildensis,
643 2963 785 3014 quibus
812 2963 1016 3014 prohibet,
1047 2980 1093 3004 ne
1123 2969 1213 3019 quis
1242 2968 1375 3006 divina
1403 2967 1603 3006 ceiebrare
1633 2966 1796 3013 audeat,
1826 2967 1952 3006 donec
1977 2967 2280 3023 archiepiscopo
2316 2971 2522 3013 Lundensi

318 3031 433 3069 suerit
462 3031 721 3069 satis-sactum.
752 3054 799 3059 —
832 3032 1057 3082 Scabro'tlt,
1088 3037 1238 3074 calend.
1268 3037 1394 3089 April.
1424 3036 1497 3075 XI.

708 3102 891 3141 Langebck
926 3103 1061 3146 Scriptt.
1094 3107 1139 3137 V.
1173 3107 1252 3138 603.
1313 3109 1399 3139 Dan.
1435 3107 1577 3148 interpr.
1613 3116 1667 3149 ap.
1701 3104 1884 3147 Hvitffldt,
1922 3108 2045 3140 Danm.
2070 3108 2176 3150 Riges
2202 3110 2360 3144 Kronike
2385 3123 2416 3155 p.
2442 3112 2522 3145 257.

706 3161 849 3204 interpr.
877 3164 1034 3197 German.
1059 3175 1110 3207 ap.
1138 3167 1386 3210 Pontoppidan,
1412 3168 1536 3200 Annal.
1562 3167 1644 3200 eccl.
1669 3169 1759 3199 Dan.
1786 3168 1812 3199 1.
1837 3166 1917 3199 698.

577 3233 732 3281 [1033]
791 3235 1106 3276 (Hais'rorflom
1137 3240 1242 3290 regis
1273 3240 1413 3287 litcrae,
1453 3239 1598 3293 quibus
1627 3239 1678 3278 R.
1708 3239 1857 3278 decano
1896 3244 1936 3278 et
1965 3243 2138 3294 capitulo
2168 3244 2428 3284 Roskildensi
2467 3245 2522 3284 di-

319 3304 453 3342 stricte
484 3307 579 3355 '‘pcr
607 3304 766 3354 gratiam
800 3306 992 3344 nostram”
1021 3307 1200 3353 mandat,
1231 3312 1453 3360 “quatenus
1483 3309 1678 3349 ecelesias
1705 3313 1845 3349 vestrae
1883 3310 2087 3351 dioecesis
2123 3315 2333 3361 reseratis,
2377 3319 2417 3354 et
2445 3319 2523 3354 sta-
