2649 3686
317 155 413 205 100
991 148 1145 196 Koxe
1178 145 1465 207 VALDEMAR
1502 155 1598 187 Dm
1633 138 1837 185 Axnssx.

833 222 2527 246 ——.-.--——-—-———-——-—-———-———-—-

130 329 247 369 1231,
319 329 544 369 conditione
574 340 619 365 ae
649 329 755 364 statu
783 335 960 376 personae
988 320 1094 371 regis
1121 313 1350 366 Norvegiae”
1379 311 1584 362 diligenter
1611 309 1827 361 inquirant,
1872 305 2031 359 sibique
2067 306 2262 354 reserant,
2299 310 2343 345 ut
2382 307 2525 348 deinde

92 398 127 431 9·
152 398 284 441 δερῐδΐ·
322 399 651 450 supplicationem
688 395 793 446 regis
831 392 878 430 de
916 389 1166 429 coronatione
1203 383 1337 423 audire
1370 383 1533 433 posset3
1577 377 1716 417 scribit
1751 377 1932 415 nimirum
1970 390 2016 415 se
2053 389 2384 416 ARCHOEPlScoPo
2414 376 2527 417 Lum-

319 481 438 507 υκκει
469 470 508 505 et
536 467 725 518 episcopo
756 461 939 501 Scarensi
969 459 1045 497 hoc
1075 456 1272 507 negotium
1302 454 1415 490 antea
1444 448 1679 494 mandasse,
1722 446 1796 486 sed
1832 450 1997 485 mortem
2037 460 2110 485 eos
2147 450 2188 485 et
2225 446 2368 515 deinde
2404 446 2527 486 archi-

318 539 549 589 episcopum
579 534 904 576 Nidrosiensem,
947 541 1060 581 quem
1097 538 1183 564 cum
1216 523 1403 575 episcopo
1432 518 1628 569 Bergensi
1667 516 1772 555 idem
1807 516 1997 569 perficere
2027 517 2228 570 jusserat,
2271 517 2308 555 in
2345 531 2387 556 re
2416 517 2526 570 perii-

319 606 460 645 cienda
492 604 760 658 impedivisse.
790 622 838 627 ——
870 599 1027 644 Reate,
1056 594 1106 632 V.
1136 593 1187 631 id.
1217 589 1439 643 Septembr.
1468 586 1608 640 pontif.
1634 600 1736 624 anno
1766 586 1817 624 V.

708 669 877 712 Ruynald.
905 665 1038 699 Contin.
1064 666 1187 695 Baron.
1213 660 1255 692 ad
1279 669 1355 691 ann.
1383 657 1482 690 1231.
1507 657 1637 688 XLIV.
1664 657 1760 688 Tom.
1785 656 1831 689 II.
1858 667 1890 699 p.
1915 656 1972 689 47.
2027 656 2210 700 Manriquc
2233 656 2357 690 Annal.
2383 655 2526 690 Cisterc.

707 733 769 765 IV.
795 742 826 773 p.
854 728 932 761 426.
981 726 1157 766 Liljcgren
1180 721 1407 764 Diplomatar.
1433 721 1580 750 Svccan.
1605 718 1633 750 Ι.
1659 728 1714 750 ne.
1740 717 1820 750 260.
1847 729 1880 761 p.
1906 717 2080 751 260—61.

130 854 243 892 1232.
1334 819 1479 868 12:32⁴

68 934 101 964 5
126 934 289 966 februm„
576 925 702 973 [739]
761 922 968 962 Gnncoku
1000 914 1126 966 (anl)
1156 929 1268 968 papae
1296 913 1416 960 bulla,
1446 912 1674 965 “prioribus
1698 915 1738 951 et
1761 911 1950 951 fratribus
1976 911 2127 951 ordinis
2150 911 2457 952 praedicatorum
2488 914 2526 952 in

315 1012 432 1039 regno
461 997 593 1035 Daciae
623 991 861 1036 constitutis,
889 986 1192 1041 praedicantibus
1221 987 1355 1022 eontra
1384 982 1589 1036 perfidiam
1616 982 1920 1029 P1·utenorun1’'‚
1950 983 2090 1030 missa,
2122 996 2198 1035 qua
2230 983 2427 1030 omnibus,
2458 984 2525 1035 qui

312 1041 378 1107 adv
391 1067 603 1106 solemnem
632 1061 945 1116 praedicationem
976 1069 1108 1095 eorum
1135 1053 1388 1099 accesserint,
1419 1053 1558 1105 viginti
1583 1052 1671 1091 dies
1696 1052 1745 1090 de
1769 1053 1945 1105 injuncta
1969 1054 2021 1092 iis
2045 1054 2266 1106 penitentia
2287 1053 2532 1099 relaxantur,

315 1136 562 1176 incendiariis
599 1137 638 1171 et
676 1132 740 1184 qui
770 1129 964 1168 violentas
993 1138 1133 1164 manus
1170 1123 1326 1162 clericis
1363 1123 1657 1175 imposuissent
1686 1122 1857 1175 ideoque
1893 1124 2224 1162 excommunicati
2256 1123 2447 1171 fuissent,
2490 1124 2527 1162 si

311 1222 380 1259 pro
411 1204 640 1243 defensione
670 1201 759 1239 fidei
789 1201 922 1237 contra
951 1194 1177 1235 Pruthenos
1206 1194 1473 1240 accesserint,
1515 1192 1716 1232 absolutio
1753 1194 1995 1247 promittitur
2031 1196 2107 1232 etc.
2146 1217 2195 1223 —
2233 1193 2392 1240 Reate,
2435 1207 2525 1232 non.

313 1275 532 1319 Februarii,
561 1270 698 1324 pontis.
729 1282 829 1307 anno
858 1266 909 1304 V.

698 1339 804 1379 Bring
827 1335 1039 1376 Handlingar
1062 1344 1101 1367 oc
1126 1332 1363 1367 Paminnelser
1387 1334 1450 1366 111.
1473 1333 1640 1366 193—94.
1690 1333 1868 1375 Liljegren
1886 1333 1976 1376 Dipl.
1991 1337 2136 1367 Svecan.
2156 1334 2184 1366 Ι.
2207 1344 2263 1366 no.
2285 1333 2366 1366 263.
2387 1344 2421 1376 p.
2442 1332 2523 1367 265.

97 1408 146 1439 Η.
173 1408 270 1439 Febr.
565 1400 692 1449 [740]
749 1399 959 1438 Gnnconn
991 1394 1120 1446 (Ian)
1147 1410 1259 1449 papae
1289 1396 1532 1435 confirmatio
1563 1395 1752 1443 foederis,
1781 1409 1803 1434 a
1830 1396 1948 1435 fratre
1972 1395 2204 1446 B(alduino)
2234 1394 2428 1434 monacho
2460 1395 2524 1434 Al-

308 1474 439 1519 vensi,
482 1471 655 1511 Othonis
691 1469 902 1508 cardinalis
941 1471 981 1506 et
1014 1467 1132 1518 legati
1174 1467 1478 1519 poenitentiario
1519 1469 1559 1505 et
1586 1467 1744 1512 nuntio,
1780 1480 1869 1505 cum
1900 1466 2125 1505 Curonibus
2163 1470 2204 1505 et
2239 1480 2332 1518 rege
2369 1479 2519 1512 eorum,

307 1558 427 1596 nuper
456 1544 493 1581 in
533 1541 741 1580 ecclesiam
772 1539 994 1590 susceptis,
1038 1538 1147 1583 initi,
1191 1551 1268 1589 quo
1307 1536 1522 1590 diplomate
1562 1537 1680 1575 etiam
1720 1536 1946 1588 “indigenis
1983 1536 2033 1575 de
2063 1535 2332 1575 Gothlandia”
2366 1536 2523 1589 plenam

306 1614 521 1652 libertatem
565 1625 587 1649 a
631 1610 802 1648 dominio
846 1608 954 1659 regni
997 1607 1130 1646 Daciae
1173 1607 1234 1646 vel
1277 1607 1455 1653 Sveciae,
1505 1605 1725 1660 “quamdiu
1761 1620 1834 1645 eos
1871 1609 2101 1660 apostatare
2147 1620 2224 1645 non
2263 1607 2545 1659 contigerit”,¹

307 1682 499 1722 concedit.
530 1703 578 1708 —-
610 1679 767 1726 Reate,
798 1677 867 1716 III.
897 1677 949 1716 id.
978 1677 1202 1723 Februarii,
1231 1677 1372 1729 pontif.
1403 1690 1504 1716 anno
1534 1677 1584 1715 V.

695 1748 862 1791 Raynald.
889 1748 1023 1780 Contin.
1049 1749 1174 1779 Baron.
1200 1747 1241 1778 ad
1266 1757 1344 1779 ann.
1373 1746 1472 1779 1232.
1498 1747 1662 1780 III—IV.
1688 1749 1785 1780 Tom.
1809 1747 1854 1780 11.
1880 1758 1912 1790 p.
1939 1747 2091 1780 54-55.

90 1812 140 1844 16.
165 1813 264 1844 Febr·
567 1811 685 1862 [741]
744 1809 953 1848 Gnnoonu
982 1807 1110 1858 (ΙΧῃῑ)
1147 1822 1259 1861 papae
1296 1808 1347 1847 ad
1381 1807 1727 1862 archiepiscopum
1763 1808 2019 1848 Lundensem
2060 1813 2100 1848 et
2135 1807 2438 1861 Upsaliensem,
2474 1811 2524 1855 *et
2572 1795 2575 1801 Ι

303 1886 533 1937 episcopum
563 1882 873 1920 Auinioneusem
904 1879 994 1927 (sic)
1025 1879 1216 1932 epistola,
1247 1893 1323 1932 qua
1348 1880 1400 1918 iis
1430 1880 1612 1936 injungit,
1642 1893 1781 1918 omnes
1807 1893 1892 1926 eos,
1922 1880 1988 1932 qui
2018 1879 2056 1917 in
2087 1879 2247 1917 civitate
2273 1882 2313 1918 et
2341 1878 2520 1917 dioecesi

305 1955 608 2005 Strengnesensi
646 1952 841 1992 ecclesias
879 1953 919 1989 et
954 1949 1254 1988 ecclesiasticas
1282 1962 1478 2002 personas
1508 1950 1770 1999 violaverant,
1808 1949 2037 1998 absolvere,
2082 1964 2170 1989 cum
2202 1948 2518 1989 satisfactionem

303 2029 343 2063 et
371 2024 635 2077 poenitentias
665 2024 716 2061 iis
746 2019 1006 2075 injungendas
1034 2020 1302 2072 praestiterint.
1331 2042 1385 2048 —
1413 2020 1607 2060 Αυίηἰοη.
1644 2019 1774 2059 XIIII.
1805 2020 1878 2059 cal.
1907 2020 2055 2068 Martii,
2084 2020 2225 2072 pontif.
2256 2031 2359 2057 anno
2390 2018 2438 2056 V.

693 2092 867 2133 LiIJegren
895 2090 1123 2133 Diplomatar.
1150 2092 1295 2125 Svecan.
1322 2091 1349 2123 Ι.
1375 2101 1430 2122 no.
1455 2090 1535 2123 264.
1560 2101 1593 2134 p.
1618 2090 1792 2127 266-67.

83 2165 133 2198 16,
158 2167 258 2199 Febr,
563 2154 681 2205 [742]
740 2153 958 2193 Gnsscouu
1003 2150 1131 2201 (ΙΧ“ῑ)
1172 2165 1284 2204 papae
1329 2152 1380 2190 ad
1416 2152 1762 2205 archiepiscopum
1798 2152 2054 2192 Lundensem
2098 2154 2138 2191 et
2174 2150 2442 2204 Upsalensem
2478 2153 2519 2188 et

301 2226 530 2278 episcopum
556 2225 863 2263 Avinionensem
894 2223 1077 2276 epistola,
1107 2222 1157 2275 de
1187 2222 1475 2275 “reprimendis
1505 2222 1724 2261 insolertiis
1753 2226 2093 2275 transgressorum
2123 2225 2163 2260 et
2192 2221 2518 2272 transgressioni-

302 2296 377 2334 bus
408 2295 650 2334 insolertium
681 2293 961 2332 refrenandis”.
990 2316 1043 2322 —
1073 2295 1287 2341 Avim'mz„
1317 2292 1428 2332 XIV.
1458 2292 1610 2331 calend.
1639 2293 1794 2340 Martii,
1823 2292 1964 2346 pontis.
1995 2305 2095 2331 anno
2127 2292 2277 2345 quinto.

687 2363 863 2405 Liljegren
887 2363 1110 2406 Diplomatar.
1137 2366 1281 2395 Svecan.
1307 2363 1334 2395 Ι.
1361 2373 1413 2395 n0.
1440 2361 1519 2394 265.
1545 2373 1577 2405 p.
1603 2363 1682 2398 267.

86 2432 118 2462 2.
153 2432 255 2467 Junii.
558 2425 674 2476 [743]
733 2425 1002 2464 Wmmmm
1033 2426 1139 2477 regis
1169 2425 1365 2478 diploma,
1410 2438 1487 2477 quo
1525 2425 1733 2477 privilegia
1771 2424 1935 2477 capituli
1964 2422 2195 2463 Lundensis
2233 2426 2373 2474 auget,
2418 2426 2517 2461 “sex

299 2495 438 2534 hasnas
468 2497 680 2534 attinentes
709 2509 854 2534 mensae
892 2495 1191 2535 canonicorum”
1228 2494 1376 2534 liberas
1414 2494 1463 2534 ab
1502 2496 1607 2533 omni
1642 2496 1867 2546 gravamine
1904 2493 2171 2547 expeditionis
2206 2492 2424 2532 dimittens.
2467 2514 2516 2521 -

304 2568 517 2615 Ilvoetlten,
549 2572 683 2621 quarto
714 2583 804 2607 non.
833 2568 942 2607 Julii.

691 2639 794 2671 Suhm
819 2637 910 2670 nist.
937 2635 978 2668 af
996 2635 1145 2668 Danmk.
1170 2636 1232 2669 IX.
1258 2634 1338 2668 769.
1400 2635 1578 2676 Liliegrcn
1602 2634 1830 2678 Diplomatar.
1857 2637 1996 2667 Svecan.
2028 2634 2060 2672 I.v
2083 2643 2136 2665 no.
2163 2632 2244 2665 266.
2280 2644 2311 2676 p.
2342 2632 2516 2665 267—68.

82 2695 113 2724 3·
151 2695 269 2728 Decbr·
563 2699 689 2747 [744]
749 2699 960 2738 GREGoRu
1003 2690 1279 2750 (anffypapae
1316 2696 1367 2735 ad
1403 2696 1750 2749 arehiepiscopum
1787 2695 2044 2735 Lundensem
2084 2693 2275 2746 epistola,
2317 2697 2362 2732 ut
2398 2694 2516 2733 liceat

306 2764 502 2804 brachium
534 2769 708 2806 seculare
738 2770 917 2807 invocare
947 2768 997 2807 ad
1026 2767 1358 2820 compescendam
1389 2767 1616 2805 violentiam
1647 2766 1917 2805 nonnullorum
1947 2765 2193 2810 clericorum,
2223 2764 2288 2816 qui
2319 2763 2369 2802 ad
2399 2777 2514 2802 cano-

307 2836 430 2872 nicam
461 2835 705 2887 disciplinam
735 2837 955 2876 evitandam
986 2838 1152 2876 invicem
1179 2837 1283 2876 alius
1312 2837 1377 2876 alii
1404 2837 1592 2876 auxilium
1623 2836 1724 2874 serre
1752 2836 2028 2888 promiserant,
2059 2848 2107 2873 ne
2138 2833 2186 2873 ab
2211 2833 2514 2887 archiepiscopo

306 2904 433 2955 puniri
464 2909 639 2955 possent.
668 2927 719 2932 —
749 2907 964 2957 Anaqnloe,
995 2907 1061 2945 Ill.
1093 2921 1182 2945 non.
1212 2906 1423 2946 Decembr.
1451 2906 1592 2959 pontif.
1622 2919 1723 2944 anno
1754 2908 1883 2943 sexto.

694 2973 865 3015 Liljegren
889 2977 1114 3019 Diplomatar.
1141 2979 1286 3009 Svecan.
1312 2977 1338 3009 I.
1365 2987 1420 3008 no.
1445 2977 1525 3008 277.
1550 2986 1581 3019 p.
1607 2973 1780 3007 273—74.

83 3040 114 3070 23.
150 3041 269 3075 Decbr.
566 3033 690 3081 [745]
748 3034 954 3076 Gar-mom·
1000 3034 1124 3085 (IXni)
1169 3051 1280 3090 papae
1317 3038 1368 3077 ad
1404 3037 1749 3089 archiepiscopum
1779 3034 2035 3074 Lundensem
2065 3035 2207 3081 literoe,
2250 3037 2294 3073 ut
2329 3034 2447 3073 liceat
2476 3036 2511 3074 ei

303 3102 505 3141 absolvere
536 3102 743 3154 religiosos
772 3108 811 3142 et
839 3105 1002 3145 clericos
1029 3108 1239 3159 provinciae
1270 3121 1352 3146 suae
1382 3107 1608 3152 seculares,
1646 3119 1716 3158 pro
1748 3106 1963 3158 injectione
1993 3118 2177 3143 manuum
2210 3106 2248 3143 in
2277 3105 2505 3156 religiosos,

304 3186 372 3223 pro
416 3172 640 3211 detentione
683 3173 999 3223 concubinarum,
1042 3175 1259 3223 incendiis,
1302 3179 1452 3230 rapinis
1495 3179 1535 3215 et
1577 3175 1822 3227 sacrilegiis,
1866 3176 1900 3214 si
1941 3188 2137 3214 excessus
2177 3188 2252 3213 non
2290 3188 2432 3226 graves
2469 3178 2511 3213 et

304 3256 483 3281 enormes
507 3242 689 3288 fuissent,
719 3246 797 3280 tum
821 3245 922 3283 enim
936 3245 1106 3284 Romam
1130 3259 1223 3284 esse
1248 3247 1475 3286 mittendos.
1494 3267 1542 3273 —-
1561 3246 1773 3297 Anaqniae,
1805 3244 1871 3284 ill.
1895 3259 1984 3285 non.
2000 3243 2145 3285 Decbr.
2162 3244 2303 3298 pontis.
2321 3258 2422 3284 anno
2439 3243 2506 3283 Vl.

695 3311 863 3355 Liljcgn-en
890 3314 1113 3358 Diploniatar.
1140 3317 1284 3349 Svccan.
1312 3318 1338 3349 Ι.
1365 3328 1418 3350 no.
1444 3317 1521 3350 278.
1550 3326 1580 3359 p.
1607 3314 1778 3348 271—75.
2508 3317 2509 3321 ’
