2649 3686
205 338 321 395 1263.

159 408 209 440 13.
236 408 366 450 septbr.

160 687 214 716 25.
242 685 372 727 Septbr.

170 887 195 917 l.
226 887 361 919 Octobr.

168 1164 193 1193 l.
222 1163 352 1195 Octobr.

162 1508 192 1538 3.
221 1506 352 1537 octobr.

162 1777 183 1806 t.
226 1775 360 1807 Octobr.

148 2037 201 2068 21.
230 2037 366 2069 Octobr.

152 2316 205 2345 28,
240 2316 360 2347 Nox-br.

163 2572 211 2604 1⁰.
250 2574 365 2607 Det-br.

396 167 491 215 136
1171 161 1324 209 Koxo
1361 155 1491 203 ΕΒΗ(
1526 151 1778 202 Gmpmm.

653 337 800 388 [1081]
857 335 1023 375 Unum]
1077 329 1196 386 (lvti)
1244 342 1354 381 papae
1398 325 1502 364 bulla
1545 323 1594 362 ad
1639 322 1907 373 ffl'lirugotum,
1960 322 2126 360 electum
2170 321 2467 368 Revaliensem,
2523 332 2598 375 qua

394 409 623 448 electionem
653 409 762 460 ejus,
793 419 813 444 a
844 405 1059 453 margareta
1089 402 1218 452 regina
1250 399 1381 437 Daciae
1411 395 1576 441 factam,
1607 393 1750 430 irritam
1781 388 1820 430 et
1849 405 2005 429 cassam
2036 390 2225 436 declarat,
2256 391 2328 430 sed
2358 391 2467 443 ipse,
2510 406 2597 432 cum

395 482 434 517 et
464 478 635 516 doctrina
665 481 703 514 et
733 476 809 513 vita
838 471 1186 513 commendabilem
1217 481 1302 507 eum
1333 466 1566 516 cognoscat,
1611 476 1658 500 ex
1695 463 1929 500 auctoritate
1967 461 2188 513 apostolIca
2218 474 2308 499 eum
2338 461 2375 499 in
2413 461 2597 502 cathedra

394 547 604 587 confirmat.
634 568 687 574 —
714 544 842 597 Apud
867 541 1004 581 urbem
1035 548 1233 583 veterem,
1264 531 1610 585 idib4Septembr.
1640 531 1779 582 pontif.
1809 545 1910 570 anno
1941 530 2007 569 III.

784 612 910 644 Skand.
937 611 1079 643 Litcrat.
1106 608 1221 640 Selsk.
1247 606 1327 638 Skr.
1352 604 1408 637 21.
1434 603 1493 635 Bd.
1519 613 1550 644 p.
1576 601 1726 633 48-50.

658 674 811 723 [1082]
869 669 1008 710 Litera:
1037 671 1161 708 Ειιιοι
1202 667 1312 705 ducis
1340 666 1456 704 Jutiae
1495 664 1544 702 de
1579 662 1867 715 compositione
1904 663 2003 701 inter
2040 661 2276 701 claustrales
2311 661 2410 700 Loci
2443 660 2520 701 Dei
2561 666 2599 701 et

395 745 583 785 Jacohum
614 744 825 783 Tuwissen
857 754 977 792 super
1007 740 1102 778 silva
1135 735 1328 778 Drowhlt,
1361 748 1444 786 quae
1474 736 1635 772 vocatur
1665 732 1789 785 Stuff.
1823 755 1871 760 —
1904 732 2066 772 Calend.
2099 731 2288 772 Octobris
2314 732 2498 784 septimo.

783 811 967 852 Langcbek
992 808 1128 850 Scriptt.
1154 807 1248 839 vlll.
1273 803 1419 842 318-39.

654 872 806 921 [1063]
865 870 1029 910 UnssAm
1074 865 1193 921 (lvtf)
1236 879 1347 918 papae
1392 865 1510 903 literae
1555 877 1677 917 super
1719 863 1923 915 privilegio
1968 863 2139 916 quodam
2179 863 2361 902 omnibus
2399 863 2435 902 in
2473 862 2600 903 Dania

392 959 505 985 cruce
533 945 697 994 signatis
725 947 762 980 et
791 940 993 993 signandis
1023 951 1227 981 concesso,
1258 936 1306 974 ad
1338 935 1571 987 episcopum
1596 963 1605 972 .
1624 963 1633 972 .
1650 962 1660 971 .
1682 934 1963 973 Arusiensem.
1994 956 2047 962 —
2085 935 2214 987 Apud
2239 934 2379 974 urbem
2406 940 2599 982 veterem,

391 1014 537 1053 calend.
568 1011 772 1057 Octobris,
802 1009 936 1062 pontif.
968 1022 1067 1047 anno
1097 1008 1223 1045 tertio.
1381 1057 1387 1063 μ

779 1079 966 1120 Langebek
992 1076 1132 1119 Scriptt.
1157 1076 1219 1107 VI.
1244 1073 1419 1108 393-94.

652 1153 796 1203 [1084]
854 1151 1025 1190 URBAM
1052 1147 1167 1202 (lvti)
1191 1162 1302 1201 papae
1325 1147 1374 1186 ad
1391 1147 1535 1186 clerum
1551 1147 1687 1186 Daniae
1711 1147 1843 1194 literae,
1872 1146 1940 1186 ubi
1965 1147 2174 1199 significat,
2199 1161 2244 1187 se
2269 1142 2469 1199 negotium
2491 1148 2601 1186 terrae

390 1228 534 1263 sanctre
571 1224 760 1275 episcopo
790 1220 997 1260 Arusiensi
1037 1219 1258 1271 specialiter
1295 1219 1564 1264 commisisse,
1610 1221 1803 1270 rogatque
1841 1232 1913 1257 eos
1950 1221 1988 1257 et
2027 1222 2176 1261 monet,
2220 1221 2264 1256 ut
2301 1217 2468 1256 eundem
2499 1216 2601 1254 omni

388 1294 531 1333 auxilio
574 1291 799 1338 sublevent,
840 1291 957 1329 nullis
987 1289 1240 1328 obstantibus
1282 1288 1513 1340 privilegiis.
1556 1311 1610 1316 —
1652 1288 1780 1341 Apud
1813 1287 1955 1327 urbem
1996 1296 2199 1336 veterem,
2245 1287 2395 1327 calend.
2441 1284 2600 1325 Octobr.

387 1363 521 1415 pontif.
552 1376 650 1401 anno
682 1361 747 1400 III.

778 1430 904 1462 Skand.
929 1428 1076 1462 Literat.
1103 1429 1221 1461 Selsk.
1248 1429 1329 1461 Skr.
1355 1428 1412 1460 2l.
1439 1429 1499 1461 Bd.
1525 1440 1557 1472 p.
1586 1428 1729 1460 17—18.

647 1492 801 1540 [1085]
859 1492 1030 1531 URBAM
1059 1489 1177 1544 (lwi)
1200 1504 1312 1543 papae
1336 1490 1384 1529 ad
1416 1491 1923 1543 episcopum-Arusiensem
1949 1489 2080 1536 literae,
2106 1489 2250 1542 quibus
2275 1490 2311 1528 ei
2334 1489 2601 1528 auctoritatem

386 1576 453 1614 per
478 1575 682 1601 censuram
713 1562 1023 1601 ecclesiasticam
1053 1560 1351 1613 compescendi,
1382 1560 1584 1604 interdicta
1615 1560 1907 1612 suspendendi,
1945 1564 2038 1603 etc..
2083 1560 2281 1606 concedit,
2325 1560 2376 1599 ad
2405 1559 2602 1611 negotium

388 1637 495 1671 tcrrae
525 1635 669 1671 sanctae
699 1632 1019 1685 promovendum.
1049 1652 1103 1659 -—·
1131 1631 1260 1683 Apud
1284 1630 1427 1670 urbem
1456 1639 1650 1678 veterem,
1683 1631 1730 1668 V.
1763 1645 1851 1669 non.
1884 1630 2047 1669 Octobr.
2078 1630 2218 1683 pontif.
2248 1645 2349 1671 anno
2378 1629 2446 1669 III.

776 1701 905 1733 Skand.
931 1701 1072 1733 Literat.
1099 1701 1214 1733 Selsk.
1241 1701 1321 1733 Skr.
1348 1701 1403 1733 21.
1428 1701 1490 1733 Bd.
1515 1712 1547 1743 p.
1572 1701 1721 1733 2-1—35.

645 1762 797 1811 [1086]
855 1762 1023 1801 Unmm
1055 1760 1174 1816 (IV‘ff)
1205 1776 1317 1815 papae
1348 1763 1396 1801 ad
1427 1763 1663 1815 episcopum
1692 1763 1951 1802 Arusiensem
1983 1763 2120 1807 literae,
2165 1761 2312 1815 quihus
2342 1776 2431 1801 eum
2460 1761 2508 1801 ad
2540 1775 2601 1802 ne-

386 1835 531 1885 gotium
560 1837 669 1872 terrae
700 1838 845 1872 sanctae
874 1833 1182 1885 promovendum
1213 1830 1451 1885 magnopere
1482 1833 1647 1885 instigat
1677 1837 1716 1871 et
1745 1834 1909 1872 maxima
1938 1833 2171 1872 auctoritate
2197 1834 2369 1872 instruIt.
2397 1854 2446 1861 -
2479 1833 2606 1886 Apud

391 1902 527 1942 urbem
561 1911 768 1950 veterem,
798 1903 865 1941 IV.
897 1911 986 1942 non.
1019 1902 1181 1942 Octobr.
1212 1903 1349 1956 pontif.
1382 1916 1483 1940 anno
1513 1902 1580 1940 111.

778 1974 907 2005 Skand.
933 1973 1080 2006 Literat.
1107 1973 1224 2006 Selsk.
1251 1973 1330 2005 Skr.
1357 1973 1412 2005 21.
1438 1975 1476 2005 B.
1499 1985 1530 2016 p.
1559 1972 1704 2006 19-24.

653 2035 809 2084 [1087]
867 2036 1008 2074 Literae
1039 2035 1225 2075 abbatum
1255 2034 1310 2075 E.
1351 2035 1399 2072 de
1427 2034 1593 2081 Esmm,
1635 2034 1677 2074 J.
1715 2035 1763 2075 de
1801 2036 1912 2075 Loco
1950 2036 2025 2075 Dei
2065 2040 2104 2075 et
2146 2036 2207 2076 M.
2243 2035 2292 2075 de
2327 2035 2438 2075 Rure
2476 2037 2601 2088 regio,

385 2105 434 2143 ad
464 2118 604 2157 papam
634 2106 852 2153 U(rbanum
884 2103 995 2159 llll),
1037 2106 1138 2144 circa
1173 2106 1337 2158 injurias
1376 2103 1589 2158 Tl1(ur0ni)
1634 2105 1765 2145 abbati
1803 2107 1851 2146 de
1892 2107 1991 2146 Cara
2031 2106 2187 2153 Insula,
2230 2106 2436 2145 monachis
2479 2107 2602 2160 hujus
2646 2122 2649 2164 ⁴}

386 2175 563 2221 claustri,
594 2175 777 2228 aliisque,
808 2190 877 2228 per
906 2178 1137 2228 episcopum
1169 2176 1427 2214 Arusicnsem
1458 2176 1589 2215 illatis.
1619 2198 1673 2204 -—
1702 2176 1778 2216 Die
1807 2176 2009 2217 beatarum
2038 2176 2095 2215 IX
2125 2175 2217 2230 (XI.
2246 2173 2321 2228 M.)
2352 2177 2566 2229 Virginum.

778 2246 966 2287 Langebek
993 2245 1133 2288 Scriptt.
1154 2247 1204 2278 .V.
1230 2246 1402 2278 281—82.

647 2307 801 2356 [1088]
860 2308 1065 2359 Dronning
1095 2306 1363 2346 Mauonwrns
1395 2308 1522 2351 Brev,
1552 2308 1726 2347 hvon-ed
1765 2308 1844 2347 hun
1875 2308 2082 2362 tilskjoder
2107 2308 2263 2361 Biskop
2301 2307 2430 2360 Esger
2460 2310 2470 2348 i
2501 2308 2603 2348 Ribe

386 2376 437 2415 alt
467 2376 615 2415 Skanul
647 2376 943 2416 Thorstensens
975 2378 1101 2416 Gods.
1131 2400 1185 2405 —-
1208 2377 1423 2425 Handrus,
1454 2377 1539 2417 IIII.
1571 2379 1721 2418 calend.
1753 2378 1962 2417 Decembr.

775 2448 940 2479 Hvitt'cldt
967 2448 1198 2490 Bispe-Kron.
1225 2459 1255 2490 p.
1282 2448 1338 2479 23.
1389 2448 1511 2491 Tydsk
1537 2449 1659 2482 Overs.
1686 2450 1749 2482 bos
1775 2449 2024 2492 Pontoppidan,
2052 2448 2174 2481 Annal.
2202 2450 2229 2481 Ι.
2256 2448 2335 2481 713.
2397 2448 2472 2482 Cfr.
2497 2449 2604 2483 Suhm

778 2509 866 2542 Hist.
892 2510 930 2541 af
952 2510 1096 2541 Danmk.
1121 2510 1166 2541 X.
1192 2509 1271 2541 981.

649 2569 800 2616 [1089]
858 2570 1020 2610 Eser-:31
1063 2572 1241 2624 episcopi
1285 2571 1475 2624 Ripensis
1521 2573 1659 2617 literae,
1714 2571 1860 2624 quibus
1904 2574 2037 2610 notum
2083 2571 2195 2617 facit,
2248 2571 2354 2623 quod
2397 2571 2603 2623 Nfisiggus

391 2635 442 2689 (s.
467 2636 689 2690 Nosingus)
726 2639 927 2686 Ubbisen,
972 2643 1068 2680 civis
1107 2642 1320 2693 Ripensis,
1367 2643 1580 2681 scotaverit
1616 2642 1844 2682 “monachis
1881 2642 1928 2680 de
1958 2641 2142 2693 Loghum
2172 2640 2374 2680 tabernam
2406 2643 2602 2694 quandam

393 2721 476 2744 cum
519 2708 656 2754 fundo,
695 2710 807 2747 sitam
849 2711 883 2748 iu
916 2712 1070 2750 civitate
1100 2711 1288 2763 Ripensi,
1327 2713 1441 2764 juxta
1474 2713 1620 2759 forum,
1666 2726 1752 2765 quae
1794 2701 1932 2751 dicitur
1968 2711 2274 2764 Kitidtmaqqer
2302 2711 2520 2752 schamel?
2551 2733 2604 2741 --

396 2775 533 2826 stipis,
564 2777 650 2816 idus
682 2778 912 2818 Decembris
943 2786 1093 2833 quarto,

783 2850 967 2889 Langcbek
993 2851 1129 2893 Scriptt.
1155 2852 1252 2884 wll.
1278 2850 1359 2884 239.

655 2908 808 2956 [lomb]
868 2910 1123 2964 l{(0‹;ssmrs)
1165 2913 1211 2952 de
1249 2899 1409 2959 Nervill,
1454 2915 1646 2966 capitanei
1681 2913 1775 2964 regii
1814 2913 1850 2951 in
1895 2911 2147 2952 comitatibus
2191 2913 2291 2952 ultra
2337 2913 2522 2954 Trentam
2565 2919 2603 2954 et

399 2974 579 3011 munitatu
605 2973 800 3022 Eburum,
832 2979 948 3017 litei-ze
980 2980 1028 3018 ad
1059 2983 1328 3021 cancellarium
1360 2984 1464 3034 regis
1495 2983 1648 3022 Hem-ici
1681 2980 1784 3027 lilssi,
1827 2980 2105 3035 lV(illelmum)
2137 2982 2184 3021 de
2214 2983 2389 3031 Merton,
2433 2989 2477 3023 ut
2505 2986 2602 3025 mitti

399 3042 470 3079 sibi
502 3047 607 3080 curet
634 3046 774 3083 auxilia
805 3046 851 3084 ad
883 3049 1049 3088 tuendos
1080 3053 1289 3091 comitatus
1320 3057 1358 3091 et
1388 3057 1532 3100 castra,
1562 3066 1647 3105 quae
1673 3053 1862 3091 custodiae
1893 3053 1982 3104 ejus
2013 3066 2032 3090 a
2064 3066 2154 3104 rege
2186 3053 2332 3092 credita
2363 3059 2484 3102 erant,
2515 3068 2602 3094 nam

400 3112 600 3149 audivisse
631 3127 674 3151 se
713 3115 821 3160 dicit,
866 3130 993 3167 regem
1035 3119 1164 3158 Daniae
1204 3135 1281 3159 una
1319 3137 1408 3161 cum
1447 3137 1538 3173 rege
1572 3121 1778 3174 N01·vegiae
1817 3136 1903 3160 cum
1943 3136 2081 3173 magna
2112 3124 2360 3162 multitudine
2390 3125 2534 3177 navigii
2564 3125 2600 3163 in

401 3181 607 3220 l'orencisis
638 3182 736 3233 (sie)
768 3184 907 3223 insulis
938 3188 1079 3227 Scotiae
1110 3191 1364 3241 applicuisse.
1396 3215 1446 3221 —-
1479 3192 1625 3246 (Regni
1658 3191 1812 3230 Hem-ici
1844 3189 1934 3230 111ῑίἰ
1949 3198 2058 3231 'anno
2089 3190 2223 3244 4Tm0).

788 3255 927 3295 Rymcri
954 3258 1106 3290 Foedera
1132 3259 1182 3291 ed.
1216 3260 1345 3293 Clarke
1382 3265 1413 3294 et
1446 3262 1641 3294 Holbrookc
1676 3262 1753 3295 Vol.
1791 3263 1817 3294 1.
1842 3263 1879 3294 Ρ.
1913 3263 1938 3294 l.
1975 3273 2006 3305 p.
2042 3262 2120 3296 429.
2183 3263 2256 3297 cfr.
2298 3265 2403 3298 Subm
2440 3264 2530 3298 nist.
2568 3264 2605 3298 af

790 3315 932 3349 Danmk.
958 3318 1001 3350 X.
1030 3318 1105 3352 497.
