2649 3686
840 127 995 177 Koxe
1030 128 1161 177 Emi<
1196 127 1450 179 Gmpmxa.
2160 130 2253 178 151

298 297 456 348 [1217]
512 298 676 346 Literae,
707 300 852 353 quibus
884 314 1169 342 uxivensmas
1197 302 1436 353 (mnarum)
1463 300 1638 348 Diem,
1667 300 2015 350 (Cisrnnciaxsis
2046 304 2258 350 oannis),
2333 302 2446 341 1272.

38 371 197 412 Ericum
239 382 372 421 regem
414 373 548 422 rogat,
590 373 634 409 ut
676 369 858 412 abbatem
901 375 942 411 et
978 376 1211 412 conventum
1249 371 1298 412 de
1326 370 1510 424 Loghum
1547 384 1623 410 non
1660 372 1833 424 patiatur
1868 370 1918 410 ab
1962 371 2094 423 aliquo
2138 385 2257 424 super

38 439 302 495 possessione
326 439 432 491 juris
461 442 694 491 patronatus
723 441 904 480 ecclesiae
935 442 1111 482 Breuadt
1138 442 1355 482 molestari.
1386 463 1437 471 —
1467 442 1564 481 Sine
1594 455 1712 481 anno.

430 508 615 550 Langcbek
643 510 785 553 Scriptt.
810 512 905 545 vul.
932 511 1013 545 23⁷.

297 568 455 619 [1218]
513 570 617 609 Acta
646 572 808 624 capituli
839 574 1036 625 generalis
1065 573 1217 613 ordinis
1246 572 1572 613 praedicatorum:
1631 571 1650 624 §
1684 573 1746 612 14.
1783 571 2076 612 “Absolvimus
2106 574 2258 624 priores

37 639 302 696 provinciales
331 639 582 687 Theutoniae‚
625 640 829 693 Ungariae‚
866 642 1039 690 Diem,
1083 643 1267 691 Graeciae,
1311 642 1472 683 Priores
1501 642 1755 689 eventuales,
1798 642 2044 690 Romanum,
2088 642 2259 695 Baysili-

36 715 189 758 tanum,
226 709 524 749 Brundusinam
554 714 631 750 etc.
664 715 705 751 et
742 712 849 765 quod
886 713 1111 753 immediate
1149 728 1226 754 non
1254 715 1414 767 possint
1450 714 1597 753 resumi
1632 712 1683 752 ad
1722 712 1863 753 eadem
1901 713 2031 753 officia
2068 713 2130 753 vel
2168 728 2257 753 con-

36 780 190 821 ventu''.
221 801 270 808 —
301 779 540 821 Florentiae.

426 851 583 883 Mar-tene
608 852 641 883 et
664 851 813 885 Dur-and.
839 852 942 886 Thes.
968 864 1046 887 nov.
1071 854 1199 888 Anecd.
1226 855 1322 887 Tom.
1346 854 1411 888 IV.
1440 852 1541 886 1767.

946 979 1076 1029 1273
1110 982 1185 1030 vel
1222 989 1340 1030 ante.
2338 974 2440 1014 1273

296 1075 459 1125 [1219]
530 1074 695 1117 Esossru
747 1077 928 1129 episcopi
977 1077 1172 1130 Ripensis
1223 1080 1343 1118 literae
1403 1079 1589 1119 omnibus
1637 1078 1885 1131 Hwittanger
1938 1077 2253 1118 inhabitantibus
2297 1043 2351 1077 vel
2385 1048 2472 1077 ante.

34 1148 190 1195 missae,
234 1145 612 1201 quibus-prohibet,
656 1161 705 1187 ne
736 1148 826 1200 quis
861 1146 1085 1186 bondonum
1115 1148 1271 1188 villicos
1306 1152 1347 1188 et
1375 1149 1540 1188 colonos
1569 1151 1847 1189 canonicorum
1877 1149 2139 1201 Ripensium,
2183 1163 2254 1201 per

35 1217 239 1272 privilegia
267 1217 374 1269 regis
403 1220 444 1255 et
472 1215 589 1255 ducis
617 1216 667 1255 ab
698 1218 802 1256 omni
829 1218 919 1270 jure
950 1218 1057 1269 regio
1087 1220 1127 1256 et
1155 1220 1348 1259 servitute
1377 1222 1572 1266 exemtos,
1601 1223 1737 1259 contra
1760 1219 1905 1258 dictam
1931 1218 2152 1258 libertatem
2183 1219 2252 1257 im-

33 1287 168 1342 pediat
195 1290 264 1328 aut
292 1286 493 1326 molestet.
529 1307 575 1315 -
608 1286 705 1326 Sine
734 1300 850 1325 anno.

428 1357 606 1400 Terpager
629 1356 727 1401 Ripae
752 1356 880 1390 Cimbr.
904 1368 936 1401 p.
964 1358 1040 1392 180.
1089 1359 1162 1392 Csr.
1188 1358 1296 1394 Suhm
1322 1358 1413 1392 nist.
1438 1359 1480 1393 af
1498 1359 1645 1392 Danmk.
1670 1359 1717 1392 X.
1741 1357 1822 1391 687.

1070 1483 1217 1547 1273.
2330 1494 2448 1534 1:273.

294 1582 452 1633 [1220]
509 1581 655 1622 Literae
696 1593 894 1621 carnum
932 1581 1208 1630 Aaosmxsrs,
1251 1582 1397 1636 quibus
1433 1581 1624 1629 declarat,
1664 1595 1710 1621 se
1745 1582 1917 1621 unanimi
1953 1594 2155 1621 consensu
2189 1581 2256 1620 do·
2285 1578 2335 1611 ¹3·
2361 1580 2503 1614 Januar.

33 1655 180 1695 minum
208 1650 409 1708 P(etrum)
439 1652 760 1692 archidiaconum
790 1651 969 1691 ecclesiae
997 1652 1233 1692 Arusiensis
1263 1654 1301 1692 in
1331 1654 1566 1706 episcopum
1589 1653 1764 1705 elegisse
1786 1655 1904 1705 atque
1927 1651 2172 1705 postulasse.
2202 1673 2254 1679 —
2279 1639 2516 1673 V·2⁰·Feb¹‘·3'

34 1725 165 1772 Aras,
193 1723 287 1764 XX.
317 1723 469 1763 calend.
498 1721 615 1762 Febr.

426 1793 617 1834 Langebek
641 1792 780 1836 Scriptt.
804 1793 866 1827 VI.
893 1791 1062 1825 414—15.

293 1854 451 1904 [1221]
508 1854 636 1894 Eruci
666 1854 867 1894 Danorum
897 1854 1183 1907 Slavorumque
1211 1855 1318 1906 regis
1347 1858 1388 1893 et
1416 1853 1532 1893 ducis
1559 1853 1765 1893 Esthoniae
1789 1852 1928 1899 literae,
1958 1852 2025 1892 ubi
2054 1854 2251 1906 composi·
2289 1851 2344 1884 24-
2376 1852 2477 1885 Febr·

35 1927 145 1974 tioni,
176 1939 200 1966 a
223 1924 376 1966 Jacobo
399 1924 705 1979 archiepiscopo
729 1924 935 1963 Lundensi
959 1925 1186 1977 propositae,
1217 1925 1428 1963 consentit.
1446 1945 1495 1951 --
1512 1922 1746 1979 qufbbinq,
1777 1923 1840 1962 (lie
1857 1922 2034 1963 Matthiae
2064 1922 2251 1975 apostoli.

428 1994 521 2039 Epit.
546 2006 599 2039 ap.
625 1995 793 2039 Baynald.
822 1993 958 2027 Contin.
985 1996 1107 2027 Baron.
1134 1994 1177 2026 ad
1203 2005 1281 2026 ann.
1310 1993 1410 2026 1269.
1437 1993 1480 2026 Χ.
1506 1994 1602 2025 Tom.
1627 1993 1688 2026 111.
1713 2004 1746 2036 p.
1771 1992 1851 2026 259.

294 2056 452 2106 [1222]
509 2057 674 2104 Literae,
707 2056 852 2109 quibus
882 2055 1070 2095 Gnnmwo
1101 2057 1341 2108 praepositus
1369 2055 1665 2101 Slesvicensis,
1709 2053 1856 2093 “datus
1892 2067 1915 2092 a
1951 2053 2050 2093 sede
2090 2059 2252 2107 aposto·
2276 2045 2499 2088 3⁰·3P1'ffiS·

30 2127 108 2167 lica
136 2130 393 2167 conservator
420 2127 716 2179 privilegiorum
747 2126 905 2166 abbatis
934 2129 974 2165 et
1002 2130 1222 2165 conventus
1250 2125 1350 2164 Loci
1379 2124 1504 2171 Dei'',
1534 2123 1740 2177 prohibet,
1773 2128 1849 2163 “ne
1880 2125 1970 2177 quis
1999 2137 2102 2163 ausu
2132 2129 2251 2164 teme-

33 2199 132 2237 rario
161 2196 344 2236 abbatem
373 2201 413 2237 et
440 2197 687 2237 monachos”
715 2196 891 2250 praedicti
920 2196 1149 2235 monasterii
1179 2197 1243 2234 “in
1273 2193 1495 2248 aliquibus,
1524 2208 1645 2247 super
1675 2193 1820 2248 quibus
1849 2207 1871 2232 a
1901 2193 1999 2232 sede
2028 2195 2250 2246 apostolica

32 2256 281 2321 privilegiati*
305 2271 400 2307 sunt
415 2297 554 2315 ......
596 2267 811 2306 molestare
846 2269 1077 2318 praesumat,
1123 2279 1249 2318 neque
1289 2266 1328 2303 in
1357 2266 1448 2318 jure
1486 2268 1718 2316 patronatus
1761 2264 1942 2303 ecclesiae
1988 2262 2248 2310 Bredewath,

0 2337 4 2344 '
34 2351 160 2391 neque
189 2351 309 2391 super
339 2338 549 2377 collatione
579 2338 761 2391 ejusdem
792 2337 970 2376 ecclesiae
1000 2349 1022 2374 a
1058 2335 1296 2374 dioecesano
1333 2334 1437 2372 sacta
1474 2338 1514 2372 et
1550 2333 1804 2385 postmodum
1841 2346 1864 2372 a
1903 2332 2061 2372 domino
2099 2333 2249 2373 archie-

31 2409 199 2462 piscopo
228 2407 492 2448 confirmata''.
523 2430 572 2437 —
604 2409 646 2448 ln
676 2408 854 2462 profesto
885 2405 1153 2458 apostolorum
1184 2403 1359 2457 Philippi
1389 2406 1429 2442 et
1456 2402 1610 2442 Jacobi.

427 2479 614 2520 Langebek
639 2478 776 2521 Scriptt.
802 2478 896 2510 VIII.
926 2474 1092 2508 120—23.

295 2540 452 2589 [1223]
508 2540 670 2580 Enicas
700 2554 769 2579 rex
797 2536 1002 2578 monachis
1032 2535 1080 2574 de
1108 2534 1252 2573 Esrom
1284 2533 1467 2572 concedit
1495 2533 1735 2580 libertatem,
1778 2537 1849 2572 “ut
1884 2534 2040 2573 villicos
2077 2538 2117 2573 et
2145 2534 2249 2574 colo·
2285 2529 2340 2563 23·
2366 2530 2473 2563 ³⁰⁰5?-

33 2623 106 2650 nos
135 2623 235 2650 suos
263 2614 382 2664 atque
413 2595 652 2664 inquilinos,
684 2624 755 2649 nec
785 2622 860 2648 non
892 2611 1016 2646 terras
1047 2609 1087 2644 et
1114 2604 1405 2657 possessiones
1434 2605 1587 2642 noviter
1616 2607 1656 2642 et
1684 2604 1924 2655 antiquitus,
1953 2605 2195 2656 acquisitas,
2226 2618 2248 2643 a

33 2682 256 2734 gravamine
285 2681 531 2724 exactionis,
561 2681 810 2733 impetitione
841 2676 1057 2722 exactoria,
1087 2676 1186 2713 innae
1216 2678 1257 2713 et
1285 2673 1394 2712 stuth
1425 2686 1472 2712 ac
1501 2674 1647 2711 ceteris
1675 2674 1852 2712 servitiis
1881 2677 1921 2712 et
1952 2672 2139 2713 oneribus
2166 2675 2247 2726 juri

33 2751 140 2803 regio
183 2750 446 2790 attinentibus
496 2750 643 2790 liberas
687 2749 859 2789 habeant
903 2750 942 2786 et
986 2747 1221 2796 exemptas,
1271 2742 1508 2795 adjicientes
1557 2741 1710 2781 eisdem
1755 2741 1963 2782 monachis
2011 2742 2112 2782 hanc
2162 2757 2246 2795 gra-

33 2820 126 2860 tiam
155 2820 393 2874 specialem,
435 2819 543 2873 quod
578 2820 697 2859 villici
728 2820 791 2858 sui
829 2821 868 2857 et
906 2815 1035 2855 coloni
1070 2812 1249 2866 praedicti
1288 2816 1366 2850 tam
1401 2825 1471 2864 pro
1508 2811 1746 2851 excessibus
1774 2811 1851 2851 XL
1887 2825 2102 2852 marcarum
2132 2826 2249 2865 quam

33 2889 256 2930 inferiorum
281 2891 431 2944 jurium
461 2894 684 2929 nostrorum
714 2888 809 2928 nulli
845 2885 1084 2939 respondere
1114 2881 1284 2921 debeant
1320 2881 1397 2920 nisi
1433 2881 1552 2921 sibi‘'.
1596 2903 1645 2909 —
1693 2881 1920 2935 Sioburqh,
1965 2883 2003 2921 in
2040 2882 2174 2934 vigilia
2209 2882 2247 2921 h.

32 2957 226 3000 Johannis
254 2959 452 3013 baptistae.

426 3030 615 3072 Langebek
640 3027 782 3071 Scriptt.
808 3027 871 3060 IX.
896 3050 905 3059 .
934 3024 1016 3058 Cod.
1041 3023 1176 3055 Esrom.
1203 3021 1265 3054 fol.
1291 3017 1370 3054 le.

295 3091 452 3141 [1224]
510 3091 655 3131 Literae
684 3090 810 3129 Emci
841 3088 970 3139 regis,
1000 3083 1142 3138 quibus
1173 3083 1375 3122 canonicis
1404 3081 1653 3134 Ripensibus
1683 3096 1822 3122 omnes
1857 3086 1898 3122 et
1933 3083 2112 3136 singulas
2136 3083 2249 3123 liber-
2275 3082 2330 3116 27.
2356 3084 2486 3127 Scptbr.

35 3164 160 3209 tates,
189 3161 343 3201 eisdem
373 3175 397 3201 a
423 3165 534 3215 patre
566 3162 656 3214 ejus
686 3156 974 3210 Christophoro
1004 3159 1043 3194 et
1071 3154 1161 3193 aliis
1189 3152 1324 3192 Daciae
1353 3151 1514 3204 regibus
1545 3151 1739 3202 indultas,
1773 3153 1989 3194 confirmat.
2020 3178 2074 3184 —
2104 3154 2245 3208 Rapis,

36 3231 74 3270 in
102 3230 167 3270 die
195 3230 344 3271 beator.
375 3230 530 3270 Cosmae
563 3233 602 3269 et
628 3228 812 3269 Damiani
842 3229 1066 3278 martyrum.

428 3301 603 3343 Terpager
627 3299 719 3343 Ripae
745 3297 873 3332 Cimbr.
898 3306 930 3340 p.
962 3294 1037 3328 181.
1084 3292 1267 3335 Langebek
1294 3290 1432 3336 Seriptt.
1456 3291 1535 3325 VII.
1561 3291 1640 3326 330.
