2649 3686
909 108 1428 158 lzoxc·l{Annnxxun.
1539 143 1546 155 =
2215 112 2279 161 21

320 279 422 330 [Q]
480 279 815 322 “Instrumentum
853 282 1052 324 Saxonice
1090 285 1283 337 scriptum
1331 282 1381 323 de
1424 281 1659 330 Sandwico,
1712 296 1828 336 quem
1873 283 2030 336 quidem
2068 290 2221 336 portum
2260 299 2282 325 a

58 351 262 392 monachis
291 351 472 391 ecclesiae
504 350 652 391 Christi
682 351 868 393 Cantuar.
898 353 1064 393 abstulit
1092 353 1325 394 ΗΛιιοιυυει
1355 367 1444 400 rex,
1473 356 1514 392 et
1538 357 1680 405 postea
1704 354 1765 393 eis
1789 355 1963 394 restituit
1985 368 2073 393 cum
2097 354 2281 395 omnibus

58 421 306 463 libertatibus
335 426 376 461 et
403 421 644 475 privilegiis,
672 420 852 475 Eadsigo
883 423 1187 477 archiepiscopo
1218 423 1311 464 illud
1342 424 1576 475 impetrante
1606 424 1707 463 etc.”
1739 447 1788 452 —
1820 424 1916 463 Sine
1946 438 2060 463 anno.

450 491 607 536 XVanley
630 490 664 524 in
690 492 797 525 catal.
822 493 977 527 biblioth.
1002 494 1190 536 Anglosax.
1215 494 1368 538 (nickes
1394 493 1568 527 Thesaur.
1592 495 1638 528 11.
1662 493 1751 538 263)
1773 505 1817 541 cx.
1833 495 1907 528 cod.
1928 498 2083 537 Augusto
2104 493 2178 530 ndo
2202 496 2280 530 bibl.

454 554 593 587 Cotton.
641 554 717 587 cfr.
745 555 850 587 Suhm
879 555 967 589 nist.
995 557 1036 589 af
1056 557 1205 589 Danmk.
1231 557 1293 590 lv.
1319 555 1376 588 20.

318 616 420 665 [95.]
478 615 814 656 “Instrumentum
844 618 1108 666 Saxonicum,
1139 624 1180 659 et
1207 622 1269 668 (ut
1297 617 1453 657 videtur
1481 631 1528 656 ex
1553 617 1815 671 chirographo
1846 619 2082 672 majusculis
2112 621 2279 672 scripto)

54 689 260 741 partitum,
312 700 392 740 quo
429 688 704 727 consentiente
738 686 947 727 HARAnno
984 703 1076 741 rege
1118 693 1194 728 ete.
1231 688 1396 728 dimittit
1429 687 1572 741 Lyiing
1609 690 1828 741 episcopus
1862 689 2195 739 (Cridiatonensis
2231 705 2280 729 an

54 758 390 810 WVigorniensis‘Z)
422 757 596 798 Godrico
622 756 741 797 thano
766 757 868 797 duas
890 758 1008 797 hidas
1032 763 1084 798 aet
1112 759 1242 812 Tatlig
1270 772 1341 812 pro
1372 759 1488 798 trium
1518 758 1720 798 hominum
1751 759 1908 807 diebus,
1939 759 2085 812 quibus
2116 761 2281 813 elapsis,

53 830 193 869 iterum
223 828 273 868 ad
302 818 579 881 episcopatum
609 829 750 868 reverti
781 827 952 868 debeant
979 829 1169 879 (Nomina
1199 831 1361 869 testium
1392 829 1496 868 nude
1525 829 1771 877 scribuntur,
1809 831 1897 869 sine
1934 831 2064 870 crucis
2095 832 2277 883 signis)''.

54 920 102 928 -
133 899 229 938 Sine
259 912 375 938 anno.

445 968 606 1013 VVanley
636 969 739 1003 catal.
773 969 928 1003 biblioth.
959 969 1194 1011 Anglosaxon.
1227 971 1378 1014 (Hickes
1411 971 1612 1006 Thesaurus
1642 971 1686 1005 11.
1718 970 1808 1014 264)
1842 981 1881 1004 ex
1913 971 2092 1016 pyxidibus
2125 972 2278 1006 biblioth.

414 1028 417 1037 ‘
445 1031 583 1064 Cotton.
633 1032 709 1065 Cfr.
734 1032 841 1065 Suhm
866 1032 959 1066 nist.
985 1033 1026 1065 af
1047 1034 1194 1066 Danmk.
1221 1033 1285 1067 lv,
1314 1033 1366 1067 19.

1092 1129 1238 1179 1040.

312 1210 414 1260 [96.]
472 1210 665 1250 Hamucl
699 1210 825 1260 (llltfi)
853 1211 961 1264 regis
992 1211 1188 1265 diploma,
1227 1226 1304 1265 quo
1342 1216 1441 1265 “pro
1480 1213 1610 1251 anima
1640 1212 1831 1264 genitoris
1860 1215 1985 1253 nostri
2016 1213 2276 1262 Chuonradi'',

48 1280 214 1332 burgum
245 1281 307 1320 vel
336 1281 466 1320 villam
495 1280 692 1320 Nivellam
722 1283 967 1322 monasterio
997 1286 1146 1322 sanctae
1177 1282 1390 1322 Gertrudis
1420 1283 1474 1322 ibi
1504 1284 1722 1322 constituto
1747 1284 1839 1336 jure
1869 1289 2061 1337 perpetuo
2100 1287 2276 1331 remittit,

49 1351 269 1404 privilegiis
298 1351 538 1405 quibusdam
568 1351 733 1391 additis.
789 1350 895 1391 Inter
924 1351 1152 1405 subscripta
1183 1355 1342 1392 nomina
1371 1354 1542 1393 occurrit
1569 1352 1834 1393 Ronnmmns
1866 1355 2085 1407 episcopus
2109 1356 2276 1405 (Slesvi-

49 1424 216 1471 censis).
256 1444 305 1451 -
346 1421 554 1463 Stabulau
590 1423 707 1462 nonis
740 1421 874 1470 Junii,
919 1421 1054 1462 indict.
1085 1422 1190 1462 VIII.
1235 1437 1338 1463 anno
1374 1423 1538 1463 Henrici
1574 1424 1682 1476 regis
1721 1420 1816 1462 111Ιίἰ
1864 1425 2126 1465 ordinationis
2164 1425 2275 1466 XIII.

49 1494 157 1532 teani
188 1493 236 1532 ll.
608 1530 610 1532 .

93 1525 116 1546 b
446 1562 558 1596 Mirati
583 1573 689 1607 opera
713 1562 930 1606 diplomatica
953 1563 981 1596 1.
1006 1562 1087 1596 660.
1138 1563 1214 1597 Cfr.
1241 1563 1347 1596 Suhm
1374 1563 1465 1597 nist.
1491 1565 1531 1597 af
1551 1564 1702 1598 Danmk.
1727 1564 1793 1598 lv.
1819 1563 1876 1596 41.

2359 283 2470 322 10:39.

2351 1151 2463 1189 1040.

2325 1223 2358 1256 5.
2383 1224 2488 1256 Junii.

314 1625 416 1674 [07]
474 1624 680 1666 Hsimucr
709 1622 836 1674 (Illffi)
866 1626 974 1677 regis
1003 1625 1198 1678 diploma,
1242 1640 1319 1679 quo
1349 1625 1537 1678 precibus
1567 1626 1796 1666 Salomonis
1833 1626 1991 1666 abbatis
2020 1625 2276 1667 Fabariensis
2313 1633 2369 1666 22.
2395 1634 2499 1666 Junii.

47 1697 103 1745 (in
134 1709 237 1748 pago
266 1696 388 1736 Retia
418 1695 618 1745 Curiensi)
655 1700 696 1735 et
723 1697 907 1749 conjugis
945 1710 1028 1735 suae
1059 1695 1383 1744 Crmmemvnls,
1428 1711 1500 1736 nee
1539 1711 1616 1736 non
1654 1698 1794 1736 matris
1831 1710 1914 1736 suae
1949 1696 2074 1736 Hislae
2112 1699 2277 1750 impera-

47 1767 160 1805 tricis
186 1766 407 1813 adductus,
436 1766 645 1819 privilegia
675 1766 770 1805 dicti
799 1767 1033 1805 monasterii
1061 1779 1085 1805 a
1114 1766 1483 1819 praedecessoribus
1520 1780 1716 1806 concessa
1745 1767 1967 1814 confirmat,
2011 1771 2051 1806 et
2077 1773 2275 1807 monaste-

47 1838 147 1876 rium
178 1838 217 1875 in
247 1833 570 1876 mundiburdium
597 1850 714 1875 suum
744 1840 785 1875 et
814 1837 1022 1875 tuitionem
1051 1838 1240 1889 suscipit.
1274 1859 1325 1865 —
1359 1836 1638 1887 strazburlie,
1669 1836 1724 1876 X.
1754 1837 1827 1877 cal.
1856 1837 1973 1884 Julii,
2003 1837 2137 1877 indict.
2167 1837 2274 1877 VIII.

46 1921 147 1947 anno
177 1907 299 1947 Henr.
330 1904 425 1946 111ιίἰ
455 1906 717 1945 ordinationis
744 1905 854 1944 XIII.
884 1908 995 1958 regni
1023 1921 1116 1946 vero
1147 1906 1197 1945 11.

441 1979 607 2018 Herrgott
630 1974 844 2018 Genealogia
871 1975 1058 2019 Diplomat.
1091 1977 1206 2018 gentis
1227 1969 1475 2020 'Habsburgicae
1501 1978 1684 2022 [XViennae
1717 1978 1816 2011 1737.
1849 1978 1948 2022 Fol.)
1974 1979 2070 2011 Tom.
2102 1979 2148 2012 11.
2181 1979 2220 2012 Ρ.
2246 1979 2272 2012 1.

442 2049 473 2082 p.
502 2038 672 2071 114—15.
722 2038 798 2070 cfr.
824 2038 932 2070 Suhm
957 2038 1050 2072 nist.
1075 2039 1115 2071 af
1136 2039 1286 2072 Danmk.
1312 2041 1376 2074 lv.
1401 2041 1460 2074 24.

309 2100 412 2149 [98]
470 2100 670 2152 Diploma,
700 2113 777 2153 quo
802 2099 1045 2140 Hmmucns
1076 2099 1230 2150 (Inuus)
1258 2116 1326 2141 rex
1355 2106 1453 2155 “pro
1476 2102 1650 2142 remedio
1673 2103 1810 2141 animae
1832 2103 1970 2148 nostri,
2000 2103 2269 2155 genitorisque

47 2174 171 2212 nostri
202 2166 451 2218 Chu'onradi‚
482 2172 568 2210 sive
599 2172 718 2209 etiam
748 2170 995 2210 beatissimae
1024 2172 1223 2210 memoriae
1252 2174 1439 2225 conjugis
1469 2177 1613 2212 nostrae
1645 2172 1972 2212 Cnmuccxnaes’
1993 2171 2271 2224 Nyobergensi

45 2243 224 2282 ecclesiae
254 2241 474 2295 “quicquid
502 2254 573 2294 per
600 2240 836 2280 beneficium
867 2240 1083 2279 Sememizl
1121 2242 1251 2280 tenuit
1274 2243 1336 2281 vel
1365 2243 1512 2282 habere
1542 2244 1658 2282 visus
1694 2242 1769 2281 suit
1804 2242 1842 2280 in
1871 2255 1991 2293 pago,
2031 2243 2096 2294 qui
2127 2242 2270 2281 dicitur

43 2313 200 2360 Weita,
229 2317 270 2352 et
298 2313 335 2351 in
360 2325 464 2365 pago
495 2310 714 2358 Tucherin,
745 2311 975 2350 nominatim
1005 2324 1098 2349 vero
1124 2311 1256 2350 villam
1284 2311 1441 2359 Batici,
1478 2313 1734 2359 Bucinawiz,
1774 2310 2005 2358 Grodzane,
2044 2311 2200 2350 Gostici
2230 2317 2270 2351 et

46 2383 247 2423 Grozlino.
286 2406 335 2412 —
384 2382 609 2429 Goslarice,
651 2380 742 2420 XII.
778 2380 930 2420 calend.
968 2380 1166 2433 Augusti,
1209 2382 1344 2421 indict.
1383 2382 1491 2421 VIII.
1531 2397 1632 2421 anno
1670 2380 1930 2421 ordinationis
1966 2380 2128 2420 Henrici
2165 2383 2267 2420 tertii

43 2453 152 2493 XIII.
182 2454 384 2507 regnantis
414 2451 462 2491 11.

437 2522 571 2557 Maderi
596 2522 820 2567 antiquitates
844 2520 1113 2554 Brunsvicenses
1139 2532 1172 2564 p.
1196 2520 1394 2555 219-221.
1442 2523 1516 2556 Cfr.
1543 2522 1650 2555 Suhm
1674 2521 1767 2555 nist.
1793 2521 1831 2554 af
1852 2522 2002 2554 Danmk.
2027 2521 2090 2554 IV.
2115 2520 2172 2554 24.

1079 2616 1226 2666 1041.

306 2702 408 2752 [99.]
466 2702 757 2742 ΗΑΒΒΕοΝυΤι
786 2702 894 2753 regis
923 2703 964 2739 et
992 2699 1160 2752 Alsgivae
1196 2701 1339 2752 reginae
1376 2699 1515 2738 matris
1545 2701 1636 2752 ejus
1672 2698 1826 2747 charta,
1863 2713 1960 2753 qua,
2004 2704 2101 2753 “pro
2137 2702 2268 2741 anima

46 2772 240 2812 Cnutonis
277 2774 385 2826 regis
422 2772 571 2812 domini
609 2772 736 2811 nostri
773 2776 814 2811 et
851 2774 986 2810 nostra
1023 2770 1271 2816 amborum'’,
1310 2773 1452 2808 terram
1490 2769 1718 2808 orientalem
1762 2770 1811 2809 de
1847 2768 2150 2823 Hemmingford
2178 2786 2267 2811 cum

44 2842 335 2894 pertinentibus
365 2843 546 2882 ecclesiae
575 2842 834 2882 Ramesiensi
864 2841 1024 2880 donant.
1055 2863 1104 2868 —
1136 2841 1232 2879 Sine
1263 2853 1378 2878 anno.

440 2912 597 2946 Historia
619 2911 860 2946 Ramesiensis
885 2922 938 2955 ap.
965 2910 1071 2952 Gale,
1097 2910 1289 2953 Scriptores
1314 2910 1405 2943 nist.
1429 2909 1514 2943 Brit.
1539 2911 1566 2943 Ι.
1592 2909 1672 2944 449.
1720 2911 1794 2945 Cfr.
1816 2910 1921 2944 Suhm
1942 2910 2034 2944 nist.
2058 2911 2098 2944 af
2118 2912 2265 2944 Danmk.

438 2975 500 3008 lv.
527 2974 583 3007 47.

194 3086 197 3087 ⁷
306 3034 436 3084 [100.]
493 3035 776 3076 ΗΑιιυῐᾱωυΤι
815 3036 923 3087 regis
959 3034 1009 3073 ad
1046 3033 1298 3086 Agelwinum
1337 3037 1378 3072 et
1415 3047 1555 3073 omnes
1582 3033 1805 3087 burgenses
1842 3034 1891 3074 de
1922 3034 2095 3074 Tedford
2123 3035 2262 3075 literae,

45 3103 189 3156 quibus
213 3104 350 3158 jubet,
389 3109 461 3144 “ut
488 3105 615 3144 abbas
644 3105 926 3144 AEthelstanus
956 3104 1005 3143 de
1035 3104 1227 3143 Ramesia
1256 3103 1403 3142 habeat
1440 3117 1622 3143 mansum
1652 3118 1767 3143 suum
1795 3105 1833 3143 in
1864 3104 2037 3144 Tedford
2066 3106 2120 3144 ita
2147 3105 2262 3158 plene

44 3178 83 3212 et
112 3173 256 3222 libere,
286 3176 392 3215 sicut
420 3174 560 3214 habuit
589 3176 627 3214 in
657 3174 802 3214 diebus
832 3174 1027 3214 Cnutonis
1057 3175 1162 3225 regis
1191 3174 1317 3226 patris
1346 3174 1464 3213 mei”.
1497 3196 1546 3201 ——-
1579 3175 1675 3213 Sine
1705 3188 1820 3214 anno.

435 3244 631 3287 Spelmanni
657 3244 875 3278 Glossarium
901 3243 1185 3285 archaiologicum
1213 3254 1243 3286 p.
1268 3242 1348 3276 394.
1415 3243 1570 3276 Historia
1594 3244 1833 3279 Ramesiensis
1858 3255 1911 3289 ap.
1937 3244 2041 3288 Gale,
2069 3245 2263 3288 Scriptores

435 3306 604 3340 Historia:
630 3306 713 3340 Brit.
738 3307 766 3340 Ι.
791 3305 871 3340 449.
921 3306 996 3340 Cfr.
1022 3305 1127 3340 Suhm
1152 3305 1243 3339 nist.
1269 3305 1308 3338 af
1327 3306 1475 3340 Danmk.
1500 3307 1564 3339 lv.
1589 3306 1645 3340 47.

2313 2112 2368 2144 21.
2394 2113 2489 2145 Julii.

2335 2647 2452 2686 1041.
