2649 3686
331 151 428 200 108
1030 147 1186 194 KoxG
1219 142 1349 190 ΕΒΙΚ
1383 139 1757 186 PLOVPENNING.

146 325 260 364 1211.
595 322 715 373 [810]
772 317 898 361 Eruci
928 321 1032 371 regis
1060 319 1199 362 literae,
1242 311 1384 366 quibus
1416 322 1554 349 omnes
1582 312 1710 347 terras
1739 310 1778 346 et
1806 306 1971 345 colonos
2001 307 2277 347 canonicorum
2304 305 2540 348 Roskilden·
2566 340 2569 341 γ
2638 335 2645 343 .

122 396 153 428 2.
189 394 283 428 Julii.
334 394 438 432 sium
469 392 612 432 {iberos
639 406 732 431 esse
763 391 933 430 declarat
960 389 1008 428 ab
1039 388 1139 426 omni
1170 383 1414 436 expeditione
1444 383 1483 418 et
1507 380 1597 430 jure
1627 377 1748 428 regio.
1776 398 1831 404 -—
1858 375 2094 424 Roslcildis‚
2125 376 2195 414 Vl.
2226 390 2316 415 non.
2345 372 2484 427 Juliissff

724 460 911 493 Thorkelin
946 459 1165 501 Diplomatar.
1197 453 1434 492 Arna-Magn.
1467 449 1494 481 l.
1526 459 1559 491 p.
1596 447 1671 482 131,
1732 447 1877 489 Interpr.
1910 448 1997 479 Dan.
2029 448 2098 478 vet.
2136 456 2190 489 ap.
2223 446 2347 490 Suhm,
2385 447 2474 482 nist.
2506 450 2547 484 af

724 522 873 555 Danmk.
902 522 946 552 X.
971 518 1144 552 963—61.

109 588 164 622 29.
200 587 296 621 Julii.
596 583 714 633 [811]
771 582 928 627 Literae,
958 580 1104 633 quibus
1133 577 1319 616 MAGNUS
1349 572 1586 611 Ommssox
1613 567 1798 608 omnibus
1821 573 1953 608 notum
1979 569 2084 615 facit,
2110 583 2156 608 se
2179 570 2409 621 particulam
2433 574 2543 611 terrae

336 655 371 692 in
403 653 671 705 VVreyninghe
700 652 898 691 canonicis
927 664 959 688 s.
983 647 1183 686 wilhelmi
1205 645 1253 683 de
1282 641 1476 682 Paraclito
1498 640 1749 691 assignasse.
1777 661 1832 668 —
1852 639 2121 688 Halmstcede,
2152 639 2215 678 die
2238 639 2276 679 b.
2292 639 2408 679 Olavi
2426 642 2542 693 regis.

725 720 909 761 Langehek
935 717 1071 760 scripit.
1097 717 1157 748 VI.
1186 715 1262 746 155.

103 778 152 825 15.
193 792 307 824 Octbr.
597 782 716 833 [812]
772 781 968 821 UrFoxls
999 776 1284 827 archiepiscopi
1314 772 1543 812 Lundensis
1573 771 1812 809 confirmatio
1843 771 2160 809 commutationis
2189 770 2402 817 bonorum,
2433 771 2544 811 factae

337 854 384 892 ab
416 853 571 892 Andr-ea
601 853 746 890 decano
785 851 961 890 ecclesiae
999 861 1086 886 cum
1123 857 1322 884 consensu
1359 841 1539 894 capituli,
1585 841 1651 893 qui
1688 844 1810 879 totam
1849 844 2008 887 terram,
2053 854 2170 893 quam
2213 841 2350 880 habuit
2387 843 2424 880 in
2455 841 2545 882 villa

337 924 501 962 Gaemsae
541 927 578 961 et
607 923 643 960 in
675 918 937 973 Rythsioryth
977 917 1027 956 ad
1055 914 1302 969 praebendam
1340 913 1430 964 ejus
1465 911 1745 964 pertinentem,
1791 911 1948 950 nomine
1985 911 2161 950 ecclesiae
2191 911 2423 950 Lundensis
2459 924 2546 950 sco-

335 993 431 1030 tavit
461 991 611 1030 Tononi
641 990 856 1029 Scaclasun
887 1001 932 1026 ea
963 986 1205 1031 conditione,
1235 987 1278 1022 ut
1306 980 1381 1020 non
1411 981 1527 1020 liceat
1555 981 1592 1019 in
1623 994 1737 1019 amne
1768 980 1882 1019 Amin
1913 981 2178 1020 molendinum
2217 986 2285 1021 aut
2323 982 2547 1021 clausuram

335 1063 501 1112 piscium
540 1062 739 1110 (wcermen
767 1059 850 1097 sive
885 1055 1132 1108 fisca-qarth)
1169 1054 1380 1097 aedificare,
1424 1065 1495 1103 pro
1524 1055 1626 1090 terra
1656 1054 1695 1090 et
1725 1050 1824 1089 silva
1856 1050 2034 1090 Tononis
2064 1052 2107 1091 'in
2145 1052 2235 1091 villa
2263 1051 2477 1093 Ballinslef
2510 1053 2547 1091 ῐῃ

334 1130 517 1182 parochia
547 1129 721 1168 ecclesiae
751 1126 918 1178 Stokby.
948 1147 1001 1153 -
1030 1125 1192 1165 Laudis
1222 1125 1263 1162 in
1292 1123 1392 1161 eccl.
1422 1136 1454 1161 s.
1484 1122 1730 1169 Laurentii,
1759 1121 1810 1160 id.
1844 1120 2008 1161 Octobr.

715 1197 890 1237 ,Liljegren
915 1194 1137 1238 Diplomatar.
1164 1196 1307 1225 Svecan.
1329 1191 1358 1224 1.
1384 1202 1440 1224 no.
1465 1191 1545 1224 305.
1571 1202 1603 1234 p.
1629 1190 1802 1224 295—97.

109 1272 141 1303 2.
176 1269 295 1301 Novbr.
591 1258 719 1307 [813]
776 1258 936 1302 Literae,
967 1255 1111 1308 quibus
1143 1255 1285 1294 vam
1313 1254 1503 1293 Jewssox
1540 1255 1674 1291 notum
1705 1252 1890 1292 omnibus
1921 1252 2032 1298 facit,
2077 1266 2122 1292 se
2152 1254 2355 1293 canonicis
2385 1268 2420 1293 s.
2449 1253 2547 1294 Wil-

76 1330 197 1371 (v‚27‚
217 1328 314 1371 Oct.)
340 1329 455 1368 hclmi
485 1329 533 1368 de
563 1328 758 1367 Paraclito
789 1326 889 1366 bona
920 1340 993 1365 sua
1034 1326 1070 1364 in
1101 1326 1319 1377 Amuntorp
1357 1325 1434 1363 sita
1471 1324 1760 1376 assignavisse.
1797 1345 1851 1352 ——
1897 1322 2110 1376 Sbbaecrqh,
2147 1325 2325 1377 proxima
2355 1324 2549 1364 dominica

333 1401 438 1451 (post
469 1413 502 1438 v.
533 1399 663 1447 ante?)
694 1397 866 1436 omnium
897 1397 1144 1435 Sanctorum.

718 1467 907 1508 Langebek
932 1465 1069 1508 scriptt.
1095 1466 1158 1497 VI.
1187 1463 1264 1496 156.

100 1535 149 1567 10.
183 1535 303 1567 Novbr.
495 1517 499 1520 Δ
549 1530 676 1579 [814]
735 1529 912 1574 Anulus,
944 1528 1059 1566 ducis
1089 1526 1224 1572 Jutiae,
1255 1526 1523 1578 privilegium,
1554 1539 1632 1578 quo
1660 1523 1968 1576 “Burgensibus
1999 1524 2047 1563 de
2076 1524 2374 1578 Hammenburg
2402 1531 2441 1567 et
2471 1542 2550 1567 om-

330 1601 440 1640 nibus
478 1599 730 1652 hospitibus”
760 1598 977 1637 libertatem
1007 1611 1028 1637 a
1057 1596 1262 1643 theloneo,
1307 1609 1425 1648 quam
1455 1595 1689 1649 Adolphus,
1729 1594 1926 1647 quondam
1957 1608 2092 1634 comes
2122 1596 2337 1643 Holsatiae,
2375 1600 2414 1636 et
2443 1598 2549 1638 filius

330 1674 437 1723 ejus,
468 1670 697 1708 domicellus
726 1669 949 1714 Johannes,
978 1669 1029 1707 iis
1059 1672 1362 1713 concesserant,
1407 1667 1589 1710 remittit,
1635 1667 1754 1718 “quia
1794 1665 1890 1704 illud
1919 1666 2259 1706 consideravimus
2296 1666 2466 1707 indebite
2496 1670 2548 1708 in·
2602 1687 2633 1708 ,ι

330 1741 545 1780 stitutum”.
577 1761 625 1767 —-
656 1739 784 1792 Apud
810 1737 1156 1786 Hammeuburcle,
1187 1741 1326 1790 quarto
1357 1737 1408 1775 id.
1438 1735 1652 1775 Novembr.

719 1808 896 1842 Sar-torius
923 1808 1047 1841 Gesch.
1075 1809 1105 1842 d.
1133 1810 1252 1840 Hanse
1278 1807 1330 1840 ed.
1355 1806 1593 1850 Lappenberg.
1619 1806 1667 1840 11.
1694 1816 1749 1838 n0.
1775 1807 1876 1839 XIV.
1902 1818 1935 1850 p.
1962 1805 2113 1839 45—46.

591 1870 709 1921 [815]
767 1871 927 1917 Literae,
959 1870 1106 1923 quibus
1134 1869 1298 1909 Eamus
1330 1883 1398 1908 rex
1427 1869 1652 1921 privilegia,
1683 1867 1862 1907 ecclesiae
1892 1868 1930 1907 h.
1960 1868 2111 1908 Kanuti
2131 1867 2312 1907 Othense
2341 1882 2563 1915 concessa,-

336 1944 534 1982 confirmat
564 1954 740 1994 novaque
770 1941 889 1980 addit.
920 1962 970 1969 —-
1001 1941 1095 1979 Sine
1125 1954 1241 1979 anno.

721 2010 825 2043 Suhm
852 2010 940 2043 nist.
966 2011 1007 2043 af
1026 2011 1173 2043 Danmk.
1198 2011 1243 2042 X.
1270 2009 1443 2042 961—62.
1504 2008 1641 2041 Eaedem
1678 2011 1759 2041 sunt
1794 2008 1902 2042 literae
1938 2018 2011 2053 quae
2041 2009 2115 2049 jam
2148 2018 2253 2051 supra
2289 2008 2351 2042 sub
2386 2019 2438 2042 no.
2466 2009 2547 2042 528.

719 2076 799 2105 sunt
822 2073 933 2105 allatae
959 2076 991 2105 et
1016 2072 1243 2106 Waldemaro
1268 2072 1313 2105 11.
1339 2070 1484 2104 tributae.

590 2134 718 2183 [816]
777 2136 976 2174 Statutum
1006 2135 1165 2188 capituli
1193 2134 1387 2185 generalis
1412 2131 1559 2171 ordinis
1587 2131 1878 2177 Cisterciensis,
1910 2145 1988 2185 quo
2019 2131 2260 2172 destinatur:
2303 2131 2323 2183 ξ
2353 2132 2414 2171 15.
2439 2132 2548 2172 “Μο-

329 2205 479 2244 nachus
510 2208 548 2243 et
577 2205 757 2244 conversi
788 2204 836 2244 de
862 2204 1078 2251 Enrvlwo,
1109 2205 1157 2244 de
1188 2203 1453 2243 TUTAVALLE
1485 2206 1524 2241 et
1554 2201 1602 2240 de
1633 2201 1754 2241 CARA
1787 2201 1941 2241 Issum
1973 2203 2010 2241 in
2042 2201 2196 2248 DAclA,
2228 2203 2296 2254 qui
2321 2202 2370 2241 de
2390 2201 2550 2243 abbatia

329 2276 552 2314 monialium
582 2274 630 2313 (le
658 2274 922 2314 Runemunde
952 2270 1252 2326 exierunt‘post
1281 2287 1464 2319 coenam,
1510 2276 1549 2311 et
1578 2272 1820 2311 intraverunt
1848 2272 2068 2318 tabernam,
2112 2271 2181 2310 ubi
2220 2273 2352 2311 minus
2383 2273 2552 2313 honeste

330 2350 368 2384 et
398 2347 434 2383 in
465 2345 693 2384 scandalum
722 2345 869 2383 ordinis
900 2358 946 2383 se
983 2344 1203 2383 habuerunt
1233 2358 1364 2397 usque
1394 2344 1444 2382 ad
1473 2342 1640 2381 mediam
1672 2347 1846 2388 noctem,
1877 2343 1978 2381 omni
2008 2346 2120 2382 sexta
2151 2343 2244 2382 feria
2275 2344 2355 2381 sint
2384 2343 2420 2382 in
2451 2358 2550 2397 pace

331 2420 369 2453 et
398 2429 519 2468 aqua,
550 2419 589 2453 et
616 2415 742 2453 ultimi
772 2416 940 2453 omnium
971 2429 1040 2467 per
1069 2429 1213 2454 annum
1244 2416 1281 2454 in
1312 2414 1485 2454 abbatiis
1513 2413 1708 2466 propriis,
1739 2416 1778 2451 et
1808 2413 1844 2451 in
1876 2411 2048 2464 ca‘pitulo
2079 2412 2203 2452 semel
2232 2413 2270 2452 in
2302 2412 2549 2454 hebdomada

333 2486 522 2537 accipiant
551 2485 810 2537 disciplinam.
867 2484 1006 2524 Abhas
1038 2485 1085 2524 de
1111 2485 1266 2524 Eseron
1299 2485 1474 2534 (Esrom)
1505 2483 1590 2522 haec
1621 2484 1680 2522 eis
1711 2482 1952 2521 denuntieff’.

720 2556 876 2586 Mar-tene
902 2558 934 2587 et
957 2555 1108 2588 Durand.
1134 2555 1301 2588 Thesaur.
1327 2565 1404 2587 nov.
1432 2554 1588 2587 anecdot.
1614 2556 1710 2586 Tom.
1736 2552 1912 2593 11.‚13?6.

151 2680 266 2718 1242.
1370 2667 1515 2715 1242.

130 2763 156 2795 l·
191 2763 285 2815 3125'3·
593 2761 709 2812 [817]
766 2761 946 2811 Eumol),
997 2762 1202 2803 Danorum
1245 2759 1535 2817 Slavorumque
1577 2765 1706 2816 regis,
1756 2761 2004 2816 privilegium
2048 2762 2251 2801 canonicis
2298 2762 2550 2816 Ripensibus

337 2829 488 2875 datum,
519 2843 595 2881 quo
625 2831 775 2869 villicos
803 2833 839 2869 in
870 2833 1045 2884 ipsorum
1073 2833 1346 2873 mansionibus
1377 2835 1593 2873 existentes
1622 2833 1771 2872 liberos
1808 2837 1846 2871 et
1875 2834 2054 2871 exemtos
2091 2830 2141 2870 ab
2172 2834 2276 2871 omni
2317 2847 2434 2873 onere
2466 2835 2549 2887 Juri

340 2898 442 2948 regio
473 2898 656 2937 attinente
687 2913 777 2938 esse
807 2901 995 2940 concedit.
1024 2925 1078 2930 -—
1106 2903 1249 2956 Ripis,
1280 2906 1445 2944 intrante
1474 2918 1612 2943 mense
1641 2903 1761 2942 Maio.

726 2971 894 3011 Terpager
905 2970 996 3011 nipae
1007 2970 1134 3004 Cimbr.
1152 2985 1183 3016 p.
1201 2973 1275 3007 178.
1312 2974 1502 3015 Langebek
1517 2973 1747 3016 scriptt.V11.
1761 2972 1841 3004 330.
1879 2972 1953 3005 Cfr.
1970 2972 2075 3004 Suhm
2088 2971 2179 3007 nist.
2196 2973 2235 3004 af
2252 2973 2436 3007 Dnmk.X.
2450 2985 2481 3017 p.
2495 2974 2549 3006 18.

126 3042 157 3075 3,
192 3041 289 3082 „ua-ji,
597 3028 724 3076 [818]
781 3029 1034 3082 Privilegium
1071 3032 1195 3073 Eruci
1235 3037 1340 3087 regis
1385 3035 1540 3075 civibus
1582 3033 1830 3087 Ripensibus
1871 3033 2027 3080 datum,
2071 3048 2141 3072 eos
2185 3033 2411 3087 ubicunque
2451 3036 2548 3076 infra

341 3097 528 3134 terminos
566 3098 672 3147 regni
710 3098 932 3137 devenerint
970 3099 1116 3141 liberos
1155 3103 1359 3145 declarans
1403 3106 1467 3144 “in
1505 3108 1737 3158 perpetuum
1774 3102 1823 3143 ab
1863 3104 1966 3142 omni
2003 3103 2187 3143 theloneo
2218 3107 2256 3142 et
2284 3103 2334 3143 ab
2364 3104 2548 3145 omnibus

341 3166 427 3204 aliis
458 3167 625 3205 servitiis
655 3171 693 3206 et
722 3167 996 3216 solutionibus,
1026 3184 1110 3223 quoe
1140 3172 1225 3212 aliis
1255 3174 1545 3228 distingvuntur
1575 3172 1791 3219 vocabulis,
1823 3173 2002 3213 videlicet
2033 3173 2217 3213 Forband
2251 3177 2291 3214 et
2325 3173 2548 3227 Torgield'’.

339 3235 478 3288 Ripis,
511 3250 633 3275 nonas
662 3235 756 3287 Maji
788 3236 836 3274 V.

728 3306 896 3350 Terpager
921 3308 1012 3353 Ripae
1039 3310 1165 3345 Cimbr.
1193 3323 1223 3356 p.
1248 3312 1327 3347 686.
1377 3317 1462 3349 Dan.
1487 3316 1627 3358 interpr.
1653 3324 1705 3358 ap.
1733 3310 1899 3355 Gasthen,
1927 3315 2051 3348 Bcskr.
2077 3323 2158 3347 over
2183 3313 2269 3347 Bibe
2294 3326 2326 3359 p.
2356 3315 2429 3350 159.
