2649 3686
801 112 956 162 Koxe
992 112 1263 164 Cams'rmx
1300 133 1397 166 max
1432 117 1639 166 Fonsm
2229 124 2320 172 461

113 194 2326 216 Ἣ

375 277 532 328 [4044.]
591 279 911 324 cumsmmuws
950 300 1015 325 rex
1054 288 1243 328 Calistum
1274 289 1437 338 (mnium)
1468 305 1609 344 papam
1639 295 1766 342 rogat,
1812 293 1854 328 ut
1883 291 2108 329 confirmare
2138 292 2222 330 velit
2254 294 2323 332 ele·
2401 295 2512 333 1158.

111 348 278 388 ctionem
307 349 483 388 canonici
512 350 687 389 ecclesian
717 352 933 393 Oxilicnsis
970 356 1062 405 (sub
1099 358 1264 409 Rigensi
1296 361 1516 414 metropoli)
1545 361 1595 399 ad
1624 361 1888 414 pontificatum
1927 360 2107 413 ejusdcm
2136 361 2321 401 ecclcsiae.
2363 361 2413 394 ¹3·
2447 364 2544 404 Maji.

111 440 159 448 -—
188 416 240 461 In
269 426 409 458 castro
440 418 792 469 Scoclcleolmeu.s·i‚
824 425 938 462 tertio
969 426 1058 464 idus
1089 427 1195 466 Maii.

502 490 689 531 Langebek
714 491 856 534 Scriptt.
884 495 965 527 Rer.
991 497 1080 528 Dan.
1113 498 1206 530 Vlll.
1232 498 1406 531 396—97.

370 549 529 599 [4045]
588 550 915 593 Cmusrmnxus
954 570 1021 595 rex
1059 556 1205 606 Paulo,
1250 561 1437 612 episcopo
1476 559 1688 611 Ber-gensi,
1735 561 1974 613 procuratori
2017 573 2093 599 suo
2136 562 2173 600 in
2217 563 2322 602 curia
2365 565 2413 597 ¹³-
2447 568 2544 608 Maji.

104 621 304 667 Romana,
336 634 424 659 cum
455 622 668 673 praeposito
700 622 911 672 oxmensi,
942 627 1142 678 capellano
1172 632 1210 667 et
1241 630 1373 667 nuntio
1403 643 1496 675 sun,
1533 630 1662 669 literas
1693 631 1826 677 mittit,
1871 635 1912 669 ut
1942 644 2071 670 curam
2102 632 2323 683 impendere

104 691 195 731 velit
223 691 500 730 confirmationi
529 690 642 729 electi
674 692 720 730 ad
752 692 852 732 hanc
881 695 1107 743 ecclesiam,
1137 701 1177 737 et
1206 698 1268 737 alii
1294 702 1398 737 certo
1425 701 1579 749 negotio
1602 704 1768 747 secreto,
1801 700 1906 752 quod
1929 702 2140 752 praeposito
2166 715 2322 754 quoque

103 761 359 802 commissum
390 764 491 807 erat,
530 761 655 813 (quod
684 763 865 814 cupimus
895 765 1046 804 seriose
1074 780 1143 818 per
1172 781 1368 806 summum
1398 770 1619 820 pontificem
1650 769 1854 822 expediri).
1888 793 1936 798 —
1968 770 2091 822 Optat
2120 774 2319 823 praeterea,

103 835 149 872 ut
174 832 210 870 in
241 831 343 870 facto
374 830 656 870 intersectionis
687 831 902 884 Bergensis
931 836 1110 888 episcopi
1139 840 1177 875 ct
1215 851 1334 889 super
1362 838 1600 890 impetranda
1630 840 1819 891 scriptura
1850 839 2066 892 apostolica
2097 854 2166 892 pro
2195 854 2320 879 secre-

102 902 198 952 tario
221 914 298 941 suo
319 900 484 940 Daniele
507 913 686 952 magnam
710 901 892 942 adhibere
917 903 1005 942 velit
1027 904 1275 956 diligentiam.
1303 931 1351 936 -
1374 908 1422 947 In
1445 916 1582 948 castro
1608 908 1972 958 Stoclclwlmiensi,
2001 910 2062 948 die
2077 909 2185 948 Xlll.
2210 910 2318 949 Maii.

496 970 682 1012 Langebek
707 972 848 1015 Scriptt.
875 973 958 1006 Rer.
985 975 1070 1006 Dan.
1096 976 1192 1008 v.111
1219 977 1296 1008 100.

364 1031 521 1082 [4046]
581 1032 904 1074 Οιιιιῐετιι,ιιιιιυε
943 1048 1009 1073 rex
1046 1035 1211 1076 diacono
1249 1037 1427 1076 cardinali
1458 1038 1506 1076 de
1535 1038 1720 1077 Columna
1757 1039 1874 1087 (tituli
1911 1041 2034 1079 sancti
2073 1040 2228 1092 Georgii
2267 1011 2316 1080 ad
2398 1050 2503 1088 Majo.

100 1116 261 1143 aureum
304 1102 448 1151 vellus)
492 1103 739 1142 commendat
776 1104 940 1144 electum
977 1106 1198 1157 pontificem
1235 1109 1411 1146 eeclesiae
1448 1108 1674 1147 Oxiliensis.
1746 1109 1902 1148 literas
1945 1109 2066 1149 hasce
2108 1125 2185 1163 pra
2189 1112 2318 1164 posito

99 1173 312 1221 OinIensi,
343 1172 543 1226 capellano
574 1176 613 1212 et
642 1173 782 1212 nuncio
812 1187 908 1220 suo,
937 1174 1120 1214 serendas
1149 1176 1398 1215 concredisse
1427 1191 1471 1216 se
1500 1177 1612 1220 dicit.
1652 1179 1848 1231 simulque
1883 1180 1987 1218 alind
2027 1185 2171 1219 certum
2202 1195 2317 1232 nego·

98 1245 196 1284 tium
233 1243 390 1297 (“quod
425 1243 615 1286 honorem
651 1249 799 1282 sanctae
835 1244 945 1283 sedis
983 1245 1212 1297 apostolicae
1249 1250 1286 1284 et
1323 1250 1496 1286 nostrum
1534 1247 1770 1296 concernit”)
1813 1263 1900 1288 cum
1936 1251 2118 1301 pontifice
2147 1251 2315 1289 maximo

97 1313 376 1368 perficiendum
405 1314 668 1354 commisisse.
701 1337 750 1342 —
781 1314 832 1354 In
860 1322 999 1354 castro
1030 1314 1380 1363 Stocklnolmense',
1411 1317 1511 1365 (sine
1541 1331 1641 1356 anno
1671 1322 1708 1356 et
1739 1317 1830 1368 die).

494 1384 683 1425 Langebek
707 1383 849 1427 Scriptt.
874 1386 956 1418 Rer.
981 1387 1070 1418 Dan.
1095 1385 1193 1418 VIII.
1217 1385 1390 1418 397—98.

361 1444 520 1494 [4047]
577 1445 865 1486 Cnmsrmam
904 1449 1008 1499 regis
1044 1447 1164 1486 literae
1201 1448 1457 1487 excusatoriae
1493 1448 1543 1487 ad
1570 1462 1713 1501 papam
1742 1449 1985 1496 Romanum,
2024 1450 2129 1502 quod
2158 1451 2311 1503 expedi·
2359 1463 2410 1495 ιι.
2437 1464 2533 1504 Maji.

96 1518 241 1557 tionem
271 1516 309 1555 in
339 1514 492 1555 Turcas
521 1516 725 1569 suscipere
753 1530 830 1555 non
859 1518 1060 1570 potuisset
1087 1520 1248 1570 propter
1276 1518 1495 1556 vastitatem
1531 1519 1636 1569 regni
1674 1522 1713 1556 et
1745 1519 2014 1557 infestationes
2043 1520 2309 1564 finitimorum.

42 1628 51 1639 x
94 1587 272 1640 inprimis
300 1585 609 1634 Pruthenorum3
656 1586 825 1640 denique
855 1591 1041 1635 excusat,
1079 1601 1124 1627 se
1162 1587 1308 1626 nullum
1346 1590 1534 1626 oratorem
1564 1587 1730 1628 Romam
1759 1589 1910 1627 mittere
1946 1590 2149 1641 potuisse,
2190 1604 2309 1644 quum

95 1662 174 1698 tam
203 1671 295 1698 sero
324 1656 456 1697 literas
486 1670 599 1710 papae
630 1657 678 1696 de
706 1656 780 1696 hac
809 1670 850 1695 re
877 1658 1113 1710 accepisset.
1146 1679 1196 1685 —
1226 1656 1352 1696 XIIII.
1384 1656 1494 1711 Maji.

490 1727 676 1769 Langebek
702 1726 842 1770 Scriptt.
867 1727 953 1760 Rer.
978 1729 1066 1761 Dan.
1092 1727 1190 1760 VIII.
1216 1727 1411 1760 406—407.

358 1789 514 1843 [4048]
571 1789 691 1841 Kong
734 1789 1005 1845 CnnlsfrlANs
1047 1788 1289 1841 Forordning
1332 1803 1394 1827 om
1437 1788 1601 1841 ulovligt
1642 1788 1849 1842 Gjaesterie
1892 1790 1903 1828 i
1946 1789 2114 1842 Sverrig.
2159 1811 2206 1818 -—
2259 1792 2308 1831 In
2343 1805 2399 1838 22,
2432 1808 2532 1848 MaJi.

41 1891 48 1906 χ
93 1868 234 1901 castro
264 1859 615 1908 Stoclclzolmensi,
645 1859 743 1899 feria
769 1859 944 1898 secunda
973 1863 1061 1899 ante
1089 1860 1192 1898 dom.
1225 1859 1435 1898 TrinItatis.
2103 1859 2304 1910 (Svensk).

492 1926 672 1969 nadorphs
697 1925 786 1968 Udg.
812 1926 852 1958 af
872 1926 1027 1966 Bjsrkoa
1051 1925 1201 1969 Rauen,
1225 1924 1291 1958 Bil.
1317 1927 1354 1957 S.
1379 1925 1436 1957 53.

357 1987 517 2037 [4049]
575 1987 655 2027 Det
692 2000 883 2026 SVENSKE
921 1987 1177 2027 RmsnAans
1216 1986 1341 2026 aabne
1380 1985 1504 2033 Brev‚
1548 1989 1588 2024 at
1614 1985 1732 2038 Kong
1767 1985 1960 2025 Christian
1996 2000 2080 2025 maa
2119 1986 2303 2039 inddrage
2342 1997 2397 2031 29.
2430 2001 2530 2040 maji.

92 2058 167 2099 alle
201 2057 387 2098 Kronens
425 2057 640 2097 Pantelehn
677 2059 689 2097 i
729 2057 902 2109 Sverrig.
947 2079 996 2084 —
1042 2055 1304 2096 Stoclcholms
1332 2057 1425 2105 laus,
1468 2055 1689 2108 Mandagen
1733 2060 1830 2095 naest
1871 2057 1968 2096 ester
2009 2055 2304 2107 Tresoldigheds

92 2128 267 2181 Siindag.
2092 2125 2300 2175 (Svcnsk).

289 2236 292 2240 ,
487 2194 581 2228 Jahn
606 2193 826 2227 Unionshist.
850 2204 882 2237 p.
907 2192 1079 2226 542-43.

354 2256 513 2306 [4050]
571 2255 897 2296 Cnuxs'rmnwus
927 2268 995 2294 rex
1025 2254 1171 2294 Calisto
1208 2252 1338 2304 (111¹50)
1374 2266 1486 2305 papae
1515 2253 1664 2291 nuntiat
1699 2257 1859 2291 mortem
1889 2252 2082 2300 Nicholai,
2121 2253 2299 2305 episcopi
2346 2265 2380 2298 3,
2411 2265 2517 2298 Juffij,

89 2327 394 2381 Lincopiensis,
438 2326 748 2378 electionemque
792 2324 993 2377 ejusdem,
1038 2338 1154 2377 quem
1195 2326 1307 2362 antea
1350 2323 1436 2375 ipse
1480 2335 1545 2360 rex
1588 2322 1854 2374 coadjutorem
1897 2322 2064 2361 defuncti
2103 2325 2303 2374 optaverat

90 2398 370 2445 constitutum,
401 2410 521 2450 quare
551 2410 653 2434 nunc
681 2398 792 2448 rogat
819 2407 981 2447 papam,
1010 2397 1054 2433 ut
1081 2394 1173 2433 velit
1201 2393 1364 2432 eundem
1396 2395 1434 2434 in
1464 2391 1539 2431 hoc
1568 2405 1726 2430 munere
1757 2391 1992 2431 confirmare.
2018 2415 2066 2420 —
2093 2391 2140 2431 In
2165 2399 2303 2430 castro

94 2457 491 2522 Copenllaqenslll.
523 2465 641 2505 Junii.

485 2532 672 2574 Langebek
697 2531 843 2575 Scriptt.
863 2533 946 2564 Rer-
971 2531 1058 2563 Dan.
1083 2530 1178 2562 VIII.
1203 2527 1377 2560 398—99.

316 2620 324 2630 ·
351 2594 511 2646 [4051]
570 2593 859 2633 Cuiusnam
891 2593 996 2644 regis
1027 2592 1143 2630 literae
1171 2589 1220 2628 ad
1250 2588 1439 2628 Calistum
1467 2586 1633 2638 (lunium)
1662 2600 1817 2640 papam,
1847 2587 1989 2640 quibus
2019 2586 2226 2639 significat,
2257 2602 2303 2626 se
2327 2601 2360 2634 2,
2385 2603 2543 2644 Augusti.

86 2665 289 2723 audivisse
315 2664 484 2705 Paulum
514 2663 730 2717 quendam,
759 2663 914 2701 fratrem
945 2661 1090 2700 ordinis
1120 2658 1440 2718 Praedicatorum,
1483 2658 1753 2709 episcopatum
1783 2657 1995 2696 Holensem
2032 2658 2085 2706 (in
2115 2657 2301 2707 Islandia)

42 2768 45 2771 .
86 2748 111 2775 a
139 2749 244 2789 papa
275 2734 513 2781 obtinuisse,
543 2736 736 2772 annuente
765 2732 923 2785 quidem
954 2731 1085 2768 nuntio
1115 2742 1189 2767 suo
1219 2727 1343 2767 Paulo
1383 2727 1640 2776 [Justiniano]
1681 2727 1891 2778 episcop03
1933 2726 2005 2764 sed
2043 2726 2148 2766 illum
2184 2727 2301 2780 pluri-

85 2805 165 2846 bus
194 2819 241 2845 ex
270 2805 406 2844 causis
434 2803 512 2842 hoc
539 2802 688 2842 honore
718 2801 916 2853 indignum
946 2798 1134 2844 declarat,
1166 2797 1332 2850 ideoque
1361 2796 1465 2835 nulla
1493 2795 1672 2848 possibili
1701 2796 1764 2834 via
1793 2795 1958 2835 eundem
1982 2795 2131 2835 admitti
2155 2810 2301 2848 posse3

86 2879 198 2929 rogat
226 2874 367 2915 deinde
393 2887 557 2927 papam,
586 2876 631 2912 ut
659 2871 785 2912 Paulo
815 2870 1004 2922 episcopo
1034 2880 1109 2905 non
1139 2879 1318 2918 semper,
1349 2867 1543 2918 praecipue
1571 2866 1608 2903 in
1637 2864 1944 2912 beneficialibus,
1973 2865 2088 2905 fidem
2118 2864 2301 2919 praebeat,

85 2947 162 2986 nisi
189 2946 323 2986 literas
351 2945 480 2998 ipsius
508 2944 614 2995 regis
643 2940 856 2995 protulerit.
886 2961 935 2967 —
970 2937 1141 2988 Hafizzsss
1173 2934 1219 2973 ΙΙ.
1250 2935 1435 2987 Augusti.

481 3009 669 3051 Langebek
695 3006 834 3050 Scriptt.
859 3006 943 3039 Rer.
968 3004 1057 3035 Dan.
1083 3001 1180 3034 VIII.
1207 3001 1402 3033 401—405.

347 3071 507 3122 [4052]
566 3070 855 3110 Culus'rmnm
890 3066 995 3117 regis
1030 3064 1148 3102 literae
1184 3062 1234 3101 ad
1270 3061 1504 3101 cardinalem
1540 3061 1589 3101 de
1618 3059 1828 3109 Columna,
1868 3060 2012 3115 quibus
2045 3062 2219 3116 queritur
2254 3063 2302 3102 de
2325 3071 2382 3106 23,
2402 3072 2560 3115 Augusti.

84 3143 232 3192 Paulo,
269 3143 463 3197 episcopo
491 3139 704 3192 Ber-gensi,
741 3137 807 3190 qui
836 3148 957 3188 nuper
984 3135 1090 3185 regis
1119 3133 1274 3171 nomine
1311 3132 1465 3171 fratrem
1503 3130 1796 3184 praedicatorem
1825 3130 1991 3171 Paulum
2020 3132 2171 3186 absque
2199 3146 2303 3172 man·

84 3213 176 3253 dato
204 3214 309 3266 regis
335 3212 387 3252 ad
413 3211 628 3252 Holensem
656 3206 860 3246 ecclesiam
887 3205 1184 3257 praesentasset.
1208 3224 1258 3230 —
1281 3201 1331 3243 In
1348 3209 1488 3242 castro
1510 3200 1734 3252 Havnemi,
1762 3200 1914 3241 XXIII.
1938 3202 2089 3241 mensis
2111 3202 2299 3255 Augusti.

480 3279 667 3323 Langebek
691 3275 830 3320 Scriptt.
855 3276 939 3308 Ber.
963 3273 1052 3306 Dan.
1076 3271 1176 3305 VIII.
1200 3270 1280 3304 405.
