2649 3686
329 151 428 199 252
1241 139 1613 187 Ixrssnnssexmr.

329 223 2539 246 w

143 321 261 362 1333.
592 319 746 368 [2095]
803 318 927 363 Brev,
970 313 1140 354 hvorved
1176 311 1528 350 Mr-:xicnnnunxn
1575 319 1589 344 1
1632 305 2042 353 meoamnmum,
2091 306 2438 348 Bormam—,anm
2484 322 2539 350 oe
2580 297 2582 299 Ι

111 391 162 424 18·
187 389 294 424 Junii.
330 390 680 431 nonsummum
712 389 798 427 love
829 391 868 426 at
896 399 995 424 vaere
1023 383 1092 422 Hr.
1124 382 1240 426 Otto,
1269 377 1387 428 Kong
1416 375 1673 415 Christoffers
1702 376 1808 422 Son,
1838 375 1957 414 hulde
1988 390 2039 428 og
2067 380 2151 416 troe
2182 392 2233 430 og
2256 377 2381 429 aldrig
2404 378 2540 420 skilles

332 461 389 500 fra
417 461 528 507 ham,
558 459 726 499 hverken
759 459 770 496 i
799 456 888 496 Nod
918 454 1010 493 eller
1040 452 1155 502 Lyst.
1187 469 1235 477 —-
1267 448 1344 487 Die
1373 445 1499 484 Marci
1529 448 1570 484 et
1598 445 1855 484 Marcelliani.

721 526 909 559 MIclielsen
933 519 1195 555 Nordfriesland
1220 529 1252 560 p.
1278 517 1358 548 283.
2354 555 2357 558 4

594 588 748 637 [2096]
804 586 1074 624 Wunnmm
1118 580 1234 619 Jutiae
1278 577 1393 616 ducis
1431 576 1572 622 literae,
1617 574 1762 628 quibus
1806 575 1990 615 omnibus
2031 576 2194 616 vasallis
2236 578 2323 616 suis
2367 578 2540 620 Ger-ardo

332 662 465 701 comiti
496 658 686 698 Holsatiae
716 656 938 706 homagium
975 653 1159 704 praestare
1192 647 1328 700 jubet,
1372 650 1435 693 ut,
1479 647 1515 684 si
1554 647 1642 698 ipse
1682 644 1861 698 “absque
1899 645 2046 685 herede
2083 647 2282 699 legitim0’'
2318 650 2540 698 moriretur,

332 731 465 770 comiti
493 729 690 768 adhaerere
720 728 932 764 teneantur.
963 743 1011 749 —
1045 718 1225 758 Crastino
1255 716 1293 755 b.
1323 715 1432 754 Petri
1462 716 1635 768 apostoli
1667 715 1717 754 ad
1746 716 1914 768 vincula.

719 795 822 827 Suhm
839 793 927 825 Hist.
941 791 980 822 af
990 789 1134 822 Danmk.
1147 787 1228 819 XII.
1243 785 1414 818 412—14.
1463 785 1653 818 Michelsen
1666 785 2054 827 Urkundensammlung
2065 787 2109 819 II.
2122 797 2177 819 no.
2192 787 2339 820 LXXV.
2354 788 2541 830 p.85—86.

93 865 126 897 2.
151 861 309 905 Augusti.
594 856 744 904 [2092]
801 854 1072 892 Wnrnomm
1104 848 1219 887 ducis
1247 835 1365 886 Jutiae
1395 847 1530 893 literae,
1561 847 1706 900 quibus
1737 848 1866 886 omnia
1896 851 1936 886 et
1965 848 2115 900 singula
2139 848 2242 887 bona
2267 850 2353 888 sive
2377 849 2541 898 insulas,

331 944 415 983 quae
457 927 662 979 vulgariter
702 916 783 971 06,
828 923 1029 965 dicuntur,
1073 919 1106 957 si
1147 931 1231 970 quae
1269 916 1318 955 ab
1355 917 1419 955 illa
1456 921 1568 970 parte
1604 917 1929 956 Middelvarsund
1970 918 2048 970 ipsi
2095 922 2320 972 competere
2364 919 2540 971 possint,

328 997 570 1051 Langlandia
600 998 785 1046 excepta,
815 989 991 1030 Gerardo
1021 989 1155 1027 comiti
1185 987 1404 1026 Holtzaciae
1435 991 1475 1026 et
1503 987 1729 1027 Stormariae
1760 987 1882 1026 libere
1912 988 2086 1027 dimittit.
2128 1010 2182 1017 --
2225 988 2408 1028 Crastino
2437 988 2542 1030 beati

94 599 128 632 2.
151 596 308 640 Augusti.

328 1069 435 1109 Petri
464 1067 514 1106 ad
542 1064 709 1105 vincula.

715 1130 820 1163 Suhm
845 1129 934 1161 nist.
961 1128 1000 1160 af
1021 1127 1169 1160 Danmk.
1193 1128 1274 1161 XII.
1299 1127 1380 1160 414.

581 1203 734 1254 [2098]
791 1201 1050 1248 MARquARm
1093 1200 1405 1241 RYKERnrssuN
1447 1199 1591 1249 literae,
1635 1202 1781 1255 quibus
1823 1206 2011 1250 testatur,
2057 1216 2102 1242 se
2147 1202 2277 1241 omnia
2313 1202 2418 1242 bona
2455 1216 2542 1251 sua,

325 1279 482 1320 mobilia
520 1281 559 1315 et
592 1272 825 1318 immobilia,
870 1272 907 1310 in
947 1272 1056 1310 curia
1094 1270 1277 1310 Holbeeh
1313 1273 1392 1311 sita
1432 1275 1472 1311 et
1509 1273 1545 1311 ei
1576 1274 1801 1320 attinentia,
1846 1273 2005 1312 domino
2035 1272 2208 1311 Henrico
2237 1271 2474 1313 Knudtssen
2502 1275 2542 1314 in

73 1225 123 1257 15.
144 1221 300 1264 Augusti.

324 1350 468 1403 placito
496 1343 818 1395 Hwittingherret
845 1356 916 1394 pro
947 1341 1035 1379 aliis
1065 1340 1181 1379 bonis
1209 1345 1410 1382 scotasse.
1441 1363 1490 1369 —-
1520 1342 1663 1395 Ripz's,
1693 1342 1757 1381 die
1787 1343 2078 1395 assumptionis
2105 1342 2232 1382 heatae
2256 1344 2434 1395 virginis.

714 1412 901 1453 Langebek
925 1410 1064 1454 Scriptt.
1090 1412 1187 1444 VIII.
1213 1411 1292 1444 223.

97 1500 128 1533 6.
155 1498 289 1532 Octobr.
578 1486 733 1535 [2099]
792 1485 987 1524 Orroms
1027 1483 1224 1532 domicelli
1261 1484 1485 1532 Danorum,
1529 1484 1709 1524 Estoniae
1749 1488 1790 1524 et
1819 1484 2022 1524 Lalandiae
2059 1484 2172 1524 ducis
2208 1484 2353 1532 literae,
2398 1484 2542 1538 quibus

322 1574 411 1601 cum
440 1571 639 1598 consensu
668 1556 800 1595 fratris
829 1556 892 1594 sui
916 1553 1160 1592 Woldemari
1189 1553 1397 1594 Ludovieo
1427 1555 1644 1594 marchioni
1673 1555 2062 1607 Brandenburgensi,
2091 1559 2278 1608 respectu
2300 1555 2434 1595 habito
2463 1569 2542 1596 ma·

323 1631 490 1671 trimonii
520 1641 607 1666 cum
637 1640 773 1665 sorore
803 1638 937 1664 eorum
967 1623 1125 1663 domina
1154 1624 1401 1676 Margareta,
1442 1624 1654 1664 Estoniam
1683 1639 1754 1678 pro
1785 1625 1877 1664 dote
1915 1626 2108 1677 assignat.
2150 1647 2205 1654 —
2247 1624 2542 1679 Saxeliiipinq,

322 1704 458 1756 quarta
486 1699 582 1738 feria
611 1700 700 1735 ante
731 1695 877 1734 festum
906 1694 1094 1746 Dionysii
1125 1698 1165 1733 et
1195 1695 1407 1733 sociorum.

716 1766 874 1797 Gercken
899 1765 982 1797 Cod.
1009 1764 1089 1807 dipl.
1114 1765 1303 1797 Brandenb.
1329 1764 1356 1797 Ι.
1384 1764 1554 1798 153-56.
1610 1764 1759 1798 Brandis
1785 1764 2003 1798 Collectanea
2032 1764 2085 1798 ed.
2117 1765 2274 1798 Paucker
2307 1761 2544 1808 (Monumenta

709 1826 860 1860 Livoniae
886 1826 1028 1870 antiquae
1052 1826 1135 1870 ΙΙΙ.)
1163 1838 1194 1869 p.
1219 1826 1368 1859 23—27.

95 1902 128 1934 6.
162 1899 297 1934 Octobr.
579 1888 725 1941 [2100.]
784 1888 928 1935 Οττο,
970 1888 1202 1927 domicellus
1230 1889 1337 1940 regni
1365 1888 1525 1934 Daniae,
1567 1887 1746 1927 Estoniae
1777 1890 1816 1927 et
1844 1887 2045 1927 Lalandiae
2076 1887 2176 1934 dux,
2214 1889 2372 1928 nomine
2408 1887 2539 1929 fratris

322 1961 561 2001 waldemari
600 1963 640 1999 et
682 1972 754 1997 Suo
798 1962 939 1997 terram
983 1958 1267 1997 Revaliensem
1309 1957 1516 1997 Ludovico
1560 1958 1777 1997 marchioni
1812 1957 2162 2010 Brandenhurgico
2201 1957 2359 1997 dimittit
2401 1962 2442 1998 et
2482 1972 2539 1999 re-

323 2033 463 2085 signat.
493 2053 542 2059 -
578 2028 860 2081 Saxelcbpz'nq,
889 2028 1068 2080 proxima
1098 2032 1237 2082 quarta
1266 2027 1363 2071 feria
1393 2032 1483 2067 ante
1514 2027 1661 2067 festum
1691 2028 1879 2080 Dionysii
1909 2032 1949 2068 et
1977 2030 2189 2067 sociorum.

715 2100 872 2132 Gercken
901 2099 985 2131 Cod.
1011 2098 1092 2141 dipl.
1117 2098 1307 2130 Brandenb.
1334 2097 1360 2131 Ι.
1391 2098 1560 2130 158-59.
1608 2099 1714 2131 Suhm
1739 2099 1830 2132 nist.
1856 2099 1895 2131 af
1916 2099 2065 2131 Danmk.
2091 2098 2187 2131 XIII.
2211 2098 2385 2132 387—88.

93 2167 126 2200 6.
153 2165 288 2199 Octobr.
587 2161 737 2208 [2101]
797 2160 985 2199 O‘r'roms
1030 2159 1228 2199 domicelli
1270 2159 1392 2199 literae
1435 2160 1486 2198 ad
1529 2161 1805 2213 imperatorem
1848 2159 2096 2199 Ludovicum
2138 2159 2292 2210 (lvtum)
2337 2160 2387 2199 de
2429 2164 2540 2201 terrae

321 2233 575 2274 Revaliensis
618 2231 853 2270 dimissione
899 2230 935 2268 in
978 2233 1222 2283 potestatem
1264 2228 1463 2268 Ludovici
1505 2230 1748 2269 marchionis
1783 2230 2131 2282 Brandenburgici.
2176 2252 2225 2258 —
2272 2225 2541 2285 Saxk'o'p'inq,

324 2307 461 2357 quarta
490 2303 585 2342 feria
615 2306 704 2340 ante
734 2301 879 2340 festum
910 2300 1096 2351 Dionysii
1127 2303 1167 2338 et
1196 2299 1408 2338 sociorum.

715 2371 871 2403 Gercken
897 2370 980 2402 Cod.
1005 2370 1153 2412 Diplom.
1179 2370 1370 2402 Brandenb.
1396 2369 1423 2401 I.
1449 2380 1480 2412 p.
1509 2368 1679 2402 161—62.

99 2443 131 2477 6.
156 2442 283 2476 Novbr.
577 2432 730 2482 [2102]
787 2432 930 2470 Literae
961 2432 1271 2470 testimoniales:
1317 2430 1581 2470 Gnueomum
1611 2431 1948 2479 Loxawrnoxm,
1984 2431 2181 2472 haeredem
2211 2432 2357 2472 domini
2385 2432 2541 2473 Nicolai

321 2505 516 2550 Palnsiin,
546 2503 742 2557 quondam
770 2503 974 2555 praepositi
1004 2501 1254 2548 Arusiensis,
1284 2500 1463 2554 quaedam
1491 2501 1596 2540 hona
1626 2502 1663 2540 in
1690 2501 1937 2554 Baerugherit
1965 2504 2042 2541 sita
2065 2504 2269 2542 canonicis
2292 2503 2540 2556 Ripensihus

325 2578 364 2614 et
396 2573 679 2614 Arusiensibus
709 2573 1013 2624 impignorasse.
1042 2592 1096 2599 —
1124 2570 1173 2610 In
1200 2571 1361 2623 placito
1391 2570 1672 2624 Boeruylzerit,
1702 2571 1871 2611 sabbato
1902 2576 1991 2611 ante
2021 2572 2167 2611 festum
2197 2572 2234 2612 b.
2264 2573 2438 2614 Martini.

712 2642 901 2683 Langebek
927 2641 1066 2684 Scriptt.
1093 2642 1154 2674 VI.
1180 2641 1259 2673 501.

96 2707 146 2740 12.
171 2707 296 2740 Novbr.
582 2703 736 2752 [2103]
792 2703 915 2750 Brev,
945 2702 1121 2741 hvorved
1149 2702 1358 2750 MAGxus,
1403 2703 1609 2755 Sverrigs,
1654 2702 1849 2749 Gothers,
1893 2702 2075 2743 Skaanes
2113 2717 2162 2756 og
2190 2703 2347 2756 Norges
2375 2704 2539 2757 Konge,

327 2773 526 2826 sorpligter
555 2774 616 2824 sig
644 2772 687 2810 til
717 2776 757 2811 at
785 2772 873 2812 lade
902 2773 1033 2812 hetale
1061 2772 1140 2811 Fru
1168 2772 1266 2812 Else
1296 2772 1599 2819 Pedersdatter,
1628 2772 1699 2811 ΗΓ.
1728 2772 1886 2824 Ludvig
1907 2772 2158 2821 Alhretsens,
2190 2774 2343 2813 fordum
2364 2774 2540 2821 Marsks‚

327 2843 497 2888 Hustru,
540 2841 644 2880 2000
679 2842 875 2881 skaanske
910 2842 1025 2881 Mark
1063 2842 1108 2881 af
1141 2842 1304 2895 Mynten
1343 2843 1354 2880 i
1389 2842 1526 2889 Lund,
1572 2856 1621 2893 og
1662 2841 1791 2881 derfor
1827 2846 2056 2895 pantsaetter
2091 2842 2221 2882 hende
2257 2843 2451 2896 Bleginde
2487 2857 2538 2895 og

327 2911 474 2964 Lyster
502 2911 591 2950 med
619 2911 811 2949 Fiskeriet
840 2912 914 2950 ved
940 2912 1110 2951 Morum.
1128 2935 1177 2940 —
1198 2911 1417 2965 Slcz'eldviq
1448 2911 1564 2957 Slot,
1594 2912 1732 2963 Dagen
1763 2911 1862 2950 efter
1893 2911 1952 2950 St.
1976 2911 2156 2951 Mortens
2179 2913 2282 2965 Dag.
2341 2911 2538 2967 (Overs.).

716 2980 881 3012 Hvitfeldt
905 2983 1026 3014 Danm.
1052 2981 1160 3023 Riges
1185 2983 1292 3014 Kron.
1328 2991 1360 3023 p.
1399 2981 1467 3013 458
1504 2981 1717 3024 (Quartudg.
1751 2983 1789 3014 Τ.
1823 2981 1884 3014 111.
1910 2992 1941 3024 p.
1966 2980 2078 3025 395.).
2138 2984 2212 3015 Paa
2236 2983 2342 3016 Latin
2367 2985 2503 3017 oversat
2525 2981 2537 3016 i

718 3041 860 3073 Pontan.
884 3044 966 3075 Ber.
991 3043 1152 3076 Danicar.
1178 3042 1271 3075 nist.
1297 3042 1392 3076 Libr.
1416 3043 1496 3075 VII.
1521 3054 1553 3087 p.
1579 3042 1750 3076 455—56.

103 3113 155 3146 ιγ,
180 3112 301 3146 Deebp,
591 3100 744 3149 [2104]
800 3102 1150 3143 Forbundstractat
1177 3104 1333 3142 mellem
1368 3103 1554 3151 Lnnvm,
1597 3103 1829 3155 Markgreve
1859 3102 1903 3142 af
1926 3102 2232 3158 Brandenborg‚
2263 3120 2313 3159 og
2340 3105 2537 3145 Junkerne

257 3180 260 3187 ’
331 3170 452 3210 Οττο
482 3183 530 3221 og
563 3168 798 3209 VALnEuAn
827 3171 870 3209 af
892 3172 1109 3218 Danmark,
1153 3173 1291 3212 sluttet
1332 3173 1426 3212 mod
1465 3173 1665 3213 Greverne
1694 3173 1739 3212 as
1762 3172 1955 3212 Holsteen
1995 3173 2053 3214 for
2092 3179 2132 3214 at
2171 3177 2286 3216 vinde
2316 3175 2537 3216 Danmm-ks

330 3241 446 3292 Rige.
475 3261 526 3266 —
556 3238 803 3287 Prmndmr,
832 3240 1033 3293 Fretlagen
1064 3243 1163 3280 efter
1193 3242 1253 3280 St.
1282 3241 1417 3281 Luciae
1448 3243 1547 3295 Dag.
2273 3244 2520 3298 (Plattydsk)

721 3308 885 3342 Vidensk.
911 3311 1026 3344 Selsk.
1052 3311 1204 3344 Skrifter
1228 3311 1289 3343 lv.
1315 3311 1395 3343 201.
