2649 3686
920 175 1075 225 Koxe.
1109 176 1240 224 Emi(
1274 176 1510 225 Mnxvssn.
2180 180 2275 230 187

69 351 110 388 et
149 346 306 386 familiae
350 358 434 385 suae
477 349 518 385 et
558 346 649 385 aliis
691 348 971 388 comitantibus
1008 351 1148 402 januis
1191 349 1339 388 clausis
1375 347 1577 388 submissa
1614 362 1713 388 voce
1750 349 1788 388 in
1817 350 1969 402 capella
2006 363 2078 389 sua
2116 365 2185 402 per
2220 364 2280 389 ca·
2353 352 2466 393 1299.

69 416 265 472 pellanum
295 430 410 456 suum
440 415 570 455 divina
600 416 727 455 officia
757 417 965 465 celebrari,
1008 420 1184 459 exclusis
1214 424 1344 459 tamen
1374 418 1559 458 omnibus
1588 420 1951 458 excommunicatis.
1982 440 2031 448 —
2060 420 2280 467 Laterani,
2308 419 2360 452 15·
2386 421 2514 454 Martii.

71 487 123 527 id.
150 485 304 534 Martii,
333 485 473 540 pontis.
504 499 605 525 anno
636 487 685 525 V.

461 556 631 600 Raynald.
665 557 799 590 Contin.
832 560 954 591 Baron.
993 559 1034 591 ad
1068 570 1143 592 ann.
1178 559 1276 592 1299.
1307 561 1353 593 X.
1386 561 1480 592 Tom.
1512 559 1575 592 lv.
1608 570 1639 602 p.
1665 558 1744 594 265.
1805 559 1930 591 Eodem
1968 558 2022 591 die
2058 558 2138 590 aliis
2172 558 2282 591 literis

463 616 622 661 (quarum
649 619 793 662 epitome
818 621 1043 653 tantummodo
1069 620 1187 665 ¹adest)
1207 622 1326 664 jubet,
1363 625 1400 654 ut
1431 621 1494 654 hoc
1528 624 1606 653 ante
1630 622 1828 662 surgentem
1861 620 1967 653 lucem
2004 621 2081 663 ssat,
2118 622 2151 653 et
2175 620 2222 653 ita
2247 625 2282 653 ut

463 690 523 713 rex
547 690 650 723 parce
675 681 868 722 hujusmodi
895 682 1115 716 concessione
1140 687 1265 717 utatur.

332 741 489 790 [1528]
546 741 781 782 Bommcii
816 742 973 795 (Vlllvi)
1004 758 1114 797 papae
1144 745 1194 784 ad
1224 745 1402 784 nuntium
1432 743 1544 782 sedis
1575 742 1806 796 apostolicae
1830 741 2005 782 lsarnum
2036 742 2170 789 litera¹‚
2201 743 2282 797 qui·
2312 751 2362 784 18.
2390 752 2516 784 Martii.

71 812 146 852 bus
169 813 206 852 ei
236 812 416 866 injungit,
445 815 489 852 ut
512 826 643 863 regem
660 813 795 852 Daniac
817 813 991 861 Ericum,
1021 813 1542 868 Cbristopborum,fratrem
1574 815 1677 866 ejus,
1707 817 1747 853 et
1775 813 1888 858 alios,
1921 814 1986 866 qui
2018 817 2175 866 propter
2205 814 2282 853 vim

71 881 371 936 archiepiscopo
400 882 606 922 Lundensi
637 883 782 922 illatam
813 885 1137 924 excommunicati
1167 888 1300 932 erant,
1344 883 1552 924 interdicto
1586 884 1741 933 solvat,
1784 896 1872 921 cum
1911 882 2107 922 humiliter
2136 882 2186 922 ad
2215 896 2282 937 pa-

71 967 161 1006 pam
190 952 239 992 de
269 952 344 993 hac
373 966 415 992 re
445 953 735 1005 supplicasset,
779 954 1059 993 connuemlans
1097 954 1327 995 discretioni
1363 956 1453 1007 ejus
1490 953 1738 993 conditiones
1776 956 1816 993 et
1843 953 2105 1006 poenitentias
2135 954 2186 992 iis
2216 954 2283 994 im-

71 1022 290 1076 ponendas.
322 1045 371 1051 —
401 1023 630 1071 Laterani,
660 1023 750 1062 XV.
781 1023 932 1062 calend.
962 1024 1136 1076 Aprilis,
1164 1024 1303 1077 pontis.
1334 1038 1435 1063 anno
1465 1024 1514 1062 V.

466 1093 644 1136 Raynald.
671 1093 805 1127 Contin.
831 1096 953 1125 Baron.
979 1094 1020 1126 ad
1045 1097 1132 1126 Ann.
1161 1094 1261 1128 1299.
1286 1096 1349 1128 lX.
1376 1096 1472 1127 Tom.
1499 1095 1560 1128 IV.
1587 1105 1617 1137 p.
1643 1093 1723 1126 264.

335 1155 491 1204 [1529]
548 1155 781 1195 Bommcu
814 1153 970 1203 (Vlllvi)
999 1170 1109 1208 papae
1138 1155 1265 1203 bulla,
1296 1169 1372 1208 qua
1402 1155 1561 1195 Ysarno
1591 1153 1932 1207 archipresbytero
1959 1153 2286 1200 Carcassonensi,
2315 1159 2366 1192 18.
2391 1158 2521 1192 Martii.

56 1225 208 1265 nuntio
239 1225 350 1265 sedis
379 1224 630 1277 apostolicae,
661 1226 895 1278 injungitur,
926 1229 1135 1277 postquam
1164 1225 1306 1265 Ericus
1336 1241 1403 1266 rex
1433 1226 1570 1265 Daniae
1600 1224 1649 1264 ab
1687 1225 2092 1264 excommunicatione
2128 1227 2286 1279 propter

73 1296 293 1350 captionem
329 1294 504 1344 J(acohi)
540 1295 832 1348 archicpiscopi
861 1294 1089 1334 Lundensis
1119 1296 1276 1335 solutus
1305 1297 1378 1343 sit,
1407 1296 1693 1335 matrimonium
1724 1294 1905 1347 ejusdem
1935 1295 2042 1345 regis
2065 1307 2153 1332 cum
2176 1293 2284 1345 lnge-

73 1365 197 1419 burgh
222 1365 376 1419 Birgeri
407 1366 560 1405 Sveciae
589 1366 695 1417 regis
724 1366 802 1404 tilia
831 1365 1043 1416 legitimum
1074 1365 1289 1413 declarare,
1333 1367 1410 1404 etsi
1449 1369 1586 1418 quarto
1623 1364 1975 1415 consangvinitatis
2013 1362 2137 1415 gradu
2166 1364 2284 1415 impe-

73 1436 210 1477 ditum.
241 1458 290 1465 —
319 1437 550 1482 Laterani,
580 1434 672 1474 XV.
703 1435 855 1475 calend.
884 1436 1056 1487 Aprilis,
1086 1435 1224 1487 pontis.
1254 1449 1355 1490 anno
1386 1437 1538 1488 quinto.

466 1507 639 1551 Raynald.
665 1506 799 1539 Contin.
825 1507 950 1538 Baron.
976 1506 1017 1538 ad
1042 1516 1118 1538 ann.
1149 1504 1247 1540 1299.
1270 1491 1316 1537 X.
1342 1507 1437 1539 Tom.
1462 1506 1526 1539 lV.
1563 1516 1594 1548 p.
1629 1504 1709 1539 265.
1768 1503 1944 1545 Liljegren
1968 1502 2114 1546 Diplom.
2142 1504 2284 1535 Svecan.

466 1569 512 1602 11.
538 1579 594 1601 no.
623 1568 721 1601 1270.
746 1578 778 1611 p.
803 1566 974 1599 286-87.

335 1630 492 1680 [1530]
550 1630 782 1670 BoMFAcu
835 1625 991 1677 (Vlllvff)
1039 1641 1150 1681 papae
1201 1627 1251 1667 ad
1303 1627 1646 1680 archiepiscopum
1689 1626 1930 1678 Rigensem,
1983 1629 2023 1665 et
2070 1625 2286 1678 episcopos
2314 1629 2366 1662 18.
2390 1627 2521 1662 MartiI.

75 1700 386 1742 Tharbatensem
417 1705 457 1742 et
486 1700 752 1740 Ossiliensem
782 1700 922 1745 literae,
967 1697 1111 1751 quibus
1141 1698 1191 1736 iis
1221 1698 1408 1750 injungit,
1451 1700 1495 1736 ut
1524 1699 1626 1739 omni
1657 1697 1825 1744 consilio
1855 1699 2012 1734 utantur
2039 1695 2090 1734 ad
2119 1698 2285 1734 conatus

73 1786 312 1826 paganorum
338 1774 376 1812 in
406 1772 577 1811 Estonia
605 1775 740 1809 contra
765 1770 902 1809 Danos
932 1767 1256 1822 supprimendos,
1287 1781 1334 1807 ne
1363 1767 1499 1818 religio
1530 1766 1745 1807 christiana
1775 1766 1812 1804 in
1841 1765 1906 1804 his
1929 1764 2156 1817 regionibus
2181 1762 2285 1802 labe—

74 1844 256 1883 factetur.
288 1866 336 1872 —
366 1843 596 1890 Laterani,
624 1841 714 1880 XV.
745 1839 895 1880 calend.
925 1838 1097 1891 Aprilis,
1129 1836 1269 1889 pontif.
1298 1850 1398 1875 auno
1429 1835 1478 1874 V.

468 1911 643 1956 Raynald.
655 1910 790 1944 Contin.
802 1913 927 1942 Baron.
940 1909 981 1941 ad
993 1918 1071 1940 ann.
1089 1906 1186 1940 1199.
1196 1907 1258 1938 XI.
1269 1907 1364 1938 Tom.
1376 1907 1438 1939 lv.
1456 1917 1486 1950 p.
1503 1905 1675 1939 265-66.
1723 1905 1876 1947 Langeb.
1889 1904 2100 1948 Scriptt.VI.
2113 1902 2285 1936 356-57.

337 1973 495 2024 [1531]
552 1973 695 2012 Literae
731 1972 854 2011 JONAE}
891 1970 1051 2010 Jomsow
1090 1980 1203 2006 nlc'rr
1240 1967 1390 2007 Lvrlffl
1428 1967 1476 2006 de
1506 1966 1623 2006 bonis
1660 1967 1697 2005 in
1727 1966 1965 2019 Langerith,
2009 1964 2208 2017 Colleryth
2244 1968 2283 2003 et
2307 1971 2363 2004 25.
2389 1970 2520 2004 Martii.

74 2047 291 2101 Waeghby,
334 2059 420 2099 quae
456 2044 697 2084 monasterio
722 2041 969 2081 ¹Esromensi
1005 2038 1181 2078 contulit.
1221 2060 1269 2067 --
1313 2037 1390 2076 Die
1427 2038 1744 2079 annunciationis
1780 2036 1904 2076 beatae
1940 2036 2105 2088 virginis
2140 2034 2286 2074 Mariae.

469 2115 655 2156 Langebek
680 2112 816 2156 Scriptt.
842 2112 904 2144 IX.
998 2133 1007 2142 .
1056 2108 1140 2141 Cod.
1164 2109 1299 2140 Esrom.
1325 2107 1386 2140 fol.
1412 2107 1521 2142 CVII.

337 2177 494 2228 [1532]
550 2176 765 2216 JOHANMS
795 2171 1083 2225 archiepiscopi
1112 2169 1341 2208 Lundensis
1376 2168 1516 2216 literae,
1558 2169 1699 2222 quibus
1735 2182 1781 2208 se
1817 2166 1965 2219 obligat
1998 2166 2048 2206 ad
2083 2170 2288 2218 acceptan-
2313 2172 2346 2207 4.
2379 2170 2521 2214 Aprilis.

76 2251 168 2291 dum
205 2249 463 2296 conductum,
508 2260 625 2301 quem
661 2244 843 2290 lsai-nus,
885 2243 1048 2281 nuntius
1085 2243 1124 2279 et
1161 2239 1388 2292 capellanus
1424 2252 1559 2291 papae,
1603 2242 1643 2277 et
1677 2239 1778 2277 alius
1815 2239 2051 2290 episcopus,
2095 2237 2130 2275 si
2167 2248 2283 2288 quem

75 2322 209 2362 forsan
238 2334 307 2360 rex
335 2320 482 2371 eligere
511 2317 698 2362 voluerit,
728 2315 805 2367 ipsi
834 2312 1025 2351 miserint.
1055 2333 1105 2338 —
1136 2310 1185 2349 In
1214 2316 1353 2348 castro
1383 2307 1598 2354 Hammer‚
1627 2308 1754 2360 pridie
1785 2320 1909 2346 nonas
1938 2306 2102 2358 Aprilis.

470 2387 661 2430 Langebek
686 2384 824 2427 Scriptt.
848 2384 909 2416 VI.
933 2392 964 2426 p.
989 2379 1161 2412 345—46.
1186 2378 1250 2411 cfr.
1274 2389 1307 2421 p.
1332 2378 1417 2420 340,
1456 2376 1510 2411 ubi
1536 2378 1659 2410 eaedem
1689 2377 1800 2410 literae
1831 2376 2064 2416 inveniuntur,
2099 2374 2159 2407 sed
2195 2373 2286 2407 falso

472 2460 560 2482 anno
586 2445 827 2481 “Mccxc.8”
857 2445 940 2477 datae
965 2453 1042 2476 esse
1068 2441 1234 2474 dicuntur.

341 2512 376 2561 [l
389 2511 498 2561 533]
554 2510 699 2549 Literae
729 2508 977 2547 Cnisrmnm
1009 2503 1190 2556 episcopi
1219 2501 1434 2553 Ripensis,
1476 2499 1620 2553 quibus
1649 2502 1837 2547 testatur,
1868 2512 1913 2538 se
1944 2499 1981 2537 in
2011 2510 2285 2549 recompensa·
2314 2508 2365 2541 16,
2390 2506 2531 2550 Aprilis,

77 2585 224 2624 tionem
253 2582 480 2622 donationis
507 2581 608 2634 prati
636 2579 742 2618 Litel
770 2577 861 2617 Jern
892 2577 929 2614 in
958 2572 1142 2627 parochia
1164 2570 1369 2616 Skastath‚
1399 2569 1530 2608 domui
1554 2582 1768 2624 pauperum
1794 2568 2029 2608 scholarium
2047 2567 2285 2619 Ripensium

79 2667 102 2694 a
129 2654 293 2707 Syster,
322 2652 466 2691 semina
497 2650 687 2705 quadam,
716 2648 850 2693 factae,
878 2646 972 2685 huic
1001 2644 1143 2695 Syster
1172 2640 1332 2679 domum
1361 2652 1474 2680 suam
1504 2640 1543 2681 in
1571 2638 1820 2691 Brethegatae
1849 2638 1969 2694 Ripis
1999 2636 2049 2679 ad
2079 2636 2167 2675 dies
2197 2637 2285 2675 vitae

78 2726 202 2778 gratis
231 2723 501 2772 concessisse.
532 2741 580 2747 -—
612 2718 823 2771 Ripis,·in
854 2728 977 2755 coena
1006 2711 1167 2751 domini.

473 2792 646 2834 Terpager
669 2787 764 2831 Ripae
790 2785 916 2819 Cimbr.
941 2795 973 2828 p.
999 2780 1169 2815 467—68.

341 2863 497 2913 [1534]
554 2847 762 2902 Cim-rem
785 2860 1091 2902 Smsvicnmsus,
1121 2850 1328 2892 consulum
1354 2853 1394 2890 et
1418 2851 1541 2889 totius
1568 2849 1860 2890 communitatis
1882 2849 2147 2891 slesvicensis
2168 2848 2288 2887 literae
2316 2855 2370 2889 16.
2394 2854 2534 2898 Aprilis.

79 2938 130 2979 de
159 2935 324 2978 Gerardi
360 2934 455 2973 dicti
492 2932 627 2984 Long,
669 2931 768 2969 civis
805 2924 1136 2977 Hamburgensis,
1190 2920 1400 2960 donatione
1445 2919 1553 2960 fundi
1596 2920 1767 2973 alicujus
1805 2920 1843 2958 in
1879 2919 2010 2972 platea
2046 2920 2288 2971 piscatorum

80 3009 161 3053 siti,
186 3007 237 3048 ad
250 3004 436 3046 utensilia
454 3003 576 3043 fontis
600 3000 822 3053 cujusdam,
847 2999 911 3037 siti
929 2996 979 3035 ad
996 2995 1181 3034 orientem
1201 2990 1380 3030 ecclesia:
1399 2989 1442 3028 S.
1461 2989 1677 3037 Trinitatis,
1700 2989 1974 3043 comparanda.
1992 3010 2041 3018 -
2065 2988 2174 3027 XVI.
2190 2988 2287 3041 Apr.

472 3073 584 3107 Noodt
608 3074 781 3114 Beytrage
805 3069 849 3102 11.
875 3078 908 3111 p.
933 3065 1010 3098 209.
1057 3061 1246 3096 Michelscn
1273 3058 1598 3093 Urkundensamml,
1624 3060 1650 3092 1,
1681 3059 1758 3092 148,

343 3145 500 3196 [1535]
556 3143 701 3183 Literae
732 3141 962 3181 Cius-riam
993 3134 1172 3190 episcopi
1201 3132 1420 3183 Ripensis,
1449 3131 1596 3184 quibus
1623 3130 1699 3172 XL
1728 3144 1882 3170 marcas
1904 3130 2148 3170 denariorum
2171 3144 2287 3171 usua-
2311 3134 2367 3167 20.
2393 3132 2532 3176 Aprilis.

82 3221 174 3260 lium
202 3207 265 3259 vel
294 3219 465 3273 quinque
490 3213 612 3256 libras
642 3212 935 3264 sterlingorum,
964 3220 986 3247 a
1017 3204 1158 3244 vicario
1188 3201 1367 3240 ecclesiae
1395 3200 1552 3254 Hening
1580 3201 1779 3241 annuatim
1808 3201 2113 3253 persolvendas,
2142 3214 2286 3254 paupe.

83 3289 193 3330 ribus
209 3286 469 3332 scholaribus,
486 3285 524 3323 in
541 3282 658 3321 domo
675 3280 829 3334 lapidea
846 3280 883 3317 in
899 3274 1085 3316 Puketoft
1099 3272 1285 3326 receptiS,
1310 3271 1473 3312 confert.
1490 3293 1538 3299 -
1556 3270 1670 3311 Feria
1682 3271 1856 3312 secunda
1873 3270 2099 3312 ebdomadae
2114 3269 2286 3323 paschae.

478 3355 649 3397 Terpager
672 3350 768 3394 Ripae
793 3348 919 3383 Cimbr.
944 3357 976 3391 p.
1002 3345 1089 3386 468„

1995 3404 2070 3446 24*
