2649 3686
870 129 1025 180 Koxe
1061 133 1192 182 Emi<
1228 133 1484 185 Gmpmxa.
2207 152 2301 201 155

81 211 2299 245 ἫἫ

340 296 497 346 [1251.]
556 298 842 340 Mammam
873 303 1076 345 Danorum
1107 307 1394 362 Slavorumque
1424 312 1567 362 reginae
1606 316 1646 351 et
1682 312 1850 353 dominae
1879 314 2085 357 Esthoniae
2115 319 2300 373 diploma,
2374 337 2489 376 1277.

81 379 157 420 quo
197 368 402 406 canonicis
444 367 759 410 Revaliensibus
803 372 967 413 liberum
1007 376 1078 429 jus
1128 379 1344 431 episcopos
1386 380 1558 433 eligendi
1601 383 1797 423 concedit.
1849 407 1898 413 —
1960 386 2299 443 1V01·de‘nqbur9i,
2337 405 2350 436 1

79 436 229 476 calend.
259 436 485 490 Septembr.

473 507 641 541 Hvitt'eldt
664 511 787 544 Damn.
813 513 920 555 Riges
947 517 1052 549 Krsm.
1078 529 1109 561 p.
1135 518 1306 552 280—81.
1367 520 1509 553 Pontani
1535 523 1635 555 Rerr.
1661 524 1772 557 Dann.
1802 524 1891 557 nist.
1918 526 2012 559 Libr.
2051 529 2131 562 VII.
2163 540 2195 573 p.
2219 531 2300 566 369.

472 571 706 614 Pontoppidan
733 575 873 608 Annall.
900 578 1022 611 eccles.
1050 581 1137 612 Dan.
1164 581 1190 613 1.
1217 580 1296 614 739.
1345 582 1434 615 Dan.
1467 582 1607 627 interpr.
1639 594 1693 628 ap.
1720 585 1904 631 nvitseldt,
1941 588 1964 621 Ι.
2002 599 2031 622 c.
2064 601 2096 633 p.
2121 592 2208 636 280,
2247 594 2300 626 ubi

471 632 577 666 literae
600 634 634 666 3.
661 634 791 668 calend.
818 639 1003 681 septembr.
1031 641 1117 673 datar,
1143 652 1221 674 esse
1247 642 1414 676 dicuntur.

341 693 498 742 [1252]
556 694 720 743 Literrc,
761 699 907 750 quibus
938 700 1116 741 Tuomsis
1157 703 1249 755 (leg.
1280 704 1445 756 Tfluco)
1482 707 1699 761 episcopus
1737 709 1934 762 Ripensis
1971 712 2173 752 confirmat
2211 728 2301 754 con·
2337 722 2370 754 8.
2403 723 2526 756 Novbr.

78 767 243 802 tractum
275 765 375 803 inter
404 764 669 816 parochianos
699 766 748 806 de
776 768 896 808 Daler
925 775 964 810 et
993 772 1174 812 abbatem
1205 773 1304 813 Loci
1333 775 1429 822 Dei,
1467 776 1516 816 de
1546 777 1714 818 decimis
1743 781 1808 819 “in
1839 794 1992 820 annona
2022 784 2200 822 triturata
2231 799 2300 837 per

76 833 257 874 niodios''
296 833 501 874 solvendis
539 835 698 875 sactum.
740 860 787 866 —
831 840 959 892 Apud
993 846 1285 883 monasterium
1313 845 1497 899 Luynm,
1542 849 1579 887 in
1610 848 1674 888 die
1704 863 1738 889 s.
1767 849 1945 890 wilhadi
1974 852 2150 893 confess.
2180 859 2298 908 atque

79 904 305 957 pontilicis.)

2357 429 2365 437 .
2393 407 2525 448 septbr.

471 976 661 1017 Langebek
688 978 825 1021 Scriptt.
851 981 947 1014 vlu.
978 982 1054 1014 133.

341 1037 488 1089 [1253]
545 1038 690 1078 Litcrae
721 1039 965 1089 Tuvcoms,
994 1044 1231 1085 Arusicnsis
1261 1048 1464 1102 episcopi,
1501 1048 1648 1102 quibus
1676 1051 1926 1104 praebendam
1956 1054 2086 1095 Albek
2123 1034 2295 1096 instituit
2317 1064 2373 1097 31.
2406 1065 2525 1098 Decbr.

77 1109 116 1145 et
136 1105 267 1155 bonis,
294 1107 558 1156 libertatibus,
585 1110 900 1151 immunitatibus
917 1116 955 1151 et
970 1116 1106 1164 gratiis
1130 1114 1263 1156 donat.
1286 1139 1339 1167 -ς-
1372 1119 1498 1168 Aras,
1529 1120 1566 1158 in
1591 1121 1769 1172 profesto
1793 1124 2110 1166 circumcisionis
2134 1126 2296 1166 domini.

469 1180 656 1222 Langebek
681 1181 820 1224 Scriptt.
845 1183 908 1215 VI.
934 1183 1012 1217 410.

1109 1296 1256 1347 1278.
2366 1333 2485 1375 1278.

337 1401 494 1450 [1254]
551 1402 702 1443 MAGNI
746 1403 898 1443 Svecise
948 1407 1052 1458 regis
1096 1406 1284 1459 obligatio
1328 1408 1379 1447 ad
1421 1408 1580 1448 Ericum
1618 1409 1820 1450 Danorum
1864 1426 1994 1464 regem
2038 1414 2087 1453 (le
2132 1414 2200 1454 IV.
2236 1416 2293 1456 M.

74 1483 291 1511 marcarum
320 1473 471 1525 argenti
500 1474 587 1526 puri
617 1473 667 1512 ad
696 1474 852 1526 pondus
883 1475 1140 1522 Coloniense,
1179 1479 1438 1530 oppignorato
1469 1483 1599 1518 castro
1630 1480 1831 1520 Ludosiae.
1860 1505 1913 1511 —-
1942 1483 2037 1522 Sine
2066 1497 2181 1524 anno.

468 1542 559 1586 Epit.
585 1554 637 1586 ap.
663 1544 756 1576 Eric.
782 1545 881 1587 01ai,
914 1545 1004 1578 nist.
1030 1549 1168 1579 svecOr.
1195 1548 1336 1580 Gotbor.
1363 1560 1394 1591 p.
1423 1549 1498 1582 1:38.
1532 1552 1565 1582 et
1589 1561 1644 1593 ap.
1676 1550 1878 1594 Liljegren,
1903 1552 2125 1596 Diplomatar.
2150 1557 2292 1590 Svecan.

467 1606 495 1638 1.
521 1616 576 1638 no.
602 1607 682 1639 878.
708 1617 740 1649 p.
768 1606 938 1640 725—26.

336 1665 492 1716 [1255]
550 1666 673 1708 Emm
704 1668 903 1707 Danorum
941 1671 1046 1722 regis
1082 1669 1229 1717 literae,
1282 1670 1426 1723 quibus
1452 1672 1690 1718 confitetur,
1729 1688 1775 1713 se
1810 1674 1955 1726 Magno
1987 1676 2178 1724 Syeorum
2209 1680 2291 1730 regi

75 1735 334 1788 promisisse,
376 1750 577 1790 nunquam
615 1752 664 1777 se
699 1738 885 1778 hostibus
915 1740 1004 1792 ejus
1033 1739 1223 1792 refugium
1253 1740 1454 1790 daturum3
1492 1742 1597 1796 quod
1627 1745 1745 1782 etiam
1772 1745 1939 1784 invicem
1970 1760 1993 1785 a
2021 1761 2112 1800 rege
2144 1748 2291 1801 Magno

72 1807 318 1858 promissum
349 1821 444 1847 esse
474 1811 655 1847 testatur.
686 1830 735 1836 —
767 1809 1016 1862 Layaholm.

467 1878 563 1911 Erici
590 1879 668 1912 Olai
693 1879 784 1912 I-Iist.
810 1882 995 1912 Svecorum
1020 1880 1116 1913 Libr.
1151 1881 1211 1914 111.
1245 1892 1276 1925 p.
1314 1881 1389 1913 142.
1445 1883 1598 1916 Messen.
1620 1884 1742 1917 Scond.
1778 1883 1905 1919 illustr.
1931 1887 2026 1920 Tom.
2050 1888 2129 1920 XII.
2154 1898 2185 1932 p.
2214 1888 2289 1922 131.

466 1939 647 1983 Liljegren
672 1941 896 1984 Diplomatar.
923 1944 1064 1974 Svecan.
1091 1943 1117 1974 Ι.
1143 1953 1198 1974 no.
1223 1942 1302 1975 633.
1329 1954 1359 1985 p.
1386 1943 1464 1976 521.

335 2003 492 2052 [1256]
550 2003 680 2043 Enici
718 2004 920 2043 Danorum
958 2006 1064 2055 regis
1102 2005 1243 2051 literae,
1287 2004 1432 2058 quibus
1469 2005 1697 2053 confitetur,
1739 2020 1807 2054 se,
1850 2008 1902 2048 ad
1941 2010 2156 2049 amicitiam
2200 2025 2288 2050 cum

70 2072 217 2126 Magno
247 2073 449 2113 Sveonum
477 2088 570 2127 rege
597 2074 845 2121 firmandam,
888 2076 925 2113 ei
962 2075 1219 2127 promisisse,
1263 2078 1303 2114 et
1331 2074 1434 2114 hunc
1464 2076 1650 2123 invicem,
1683 2081 1726 2115 ut
1756 2077 1833 2118 filia
1861 2077 1968 2117 Erici
1998 2081 2102 2132 regis
2136 2083 2288 2128 senior,

73 2157 162 2183 cum
193 2143 244 2183 ad
272 2157 399 2184 annos
428 2144 584 2184 nubiles
612 2146 847 2198 pervenerit,
877 2145 953 2184 filio
984 2146 1089 2197 regis
1117 2144 1252 2196 Magni
1282 2153 1322 2184 et
1349 2144 1495 2184 haeredi
1524 2147 1632 2197 regni
1663 2146 1814 2186 Sveciae
1844 2153 2007 2202 nuptum
2037 2150 2168 2199 detur,
2212 2166 2287 2191 non

72 2213 256 2254 obstante
274 2218 411 2254 -morte
439 2229 576 2267 regum
606 2216 796 2268 ipsorum.
829 2237 878 2243 -—
911 2215 1006 2253 Sine
1036 2228 1150 2253 anno.

465 2285 560 2318 Erici
595 2285 673 2318 Olai
706 2285 796 2318 nist.
823 2287 1005 2317 Svecorum
1040 2284 1135 2316 Libr.
1161 2285 1223 2318 111.
1260 2284 1336 2317 142.
1394 2286 1547 2318 Messen.
1580 2286 1703 2318 seond.
1738 2285 1865 2320 illustr.
1892 2288 1988 2321 Tom.
2018 2289 2100 2322 XII.
2134 2301 2166 2332 p.
2212 2290 2286 2323 13⁷1.

467 2347 645 2389 Liljegren
670 2347 896 2391 Diplomatar.
923 2349 1066 2378 Svecan.
1091 2348 1118 2379 I.
1144 2357 1198 2378 no.
1224 2346 1304 2378 879.
1329 2357 1361 2388 p.
1387 2345 1466 2379 726.
1528 2347 1602 2379 cfr.
1635 2347 1740 2380 Suhm
1766 2348 1857 2381 nist.
1895 2350 1936 2381 af
1962 2351 2110 2383 Danmk.
2136 2352 2182 2383 X.
2208 2351 2287 2383 767.

336 2409 493 2458 [1257.]
550 2409 714 2456 Literae,
759 2409 903 2462 quibus
930 2408 1110 2446 Tuoms
1149 2406 1242 2461 (leg.
1274 2404 1443 2458 Tunco)
1481 2409 1698 2461 episcopus
1726 2409 1921 2462 Ripensis
1957 2412 2158 2450 confirmat
2195 2426 2284 2451 con·
2309 2416 2342 2448 7.
2367 2418 2512 2451 Januar.

72 2483 262 2527 tractum,
306 2480 452 2519 sactum
491 2481 592 2519 inter
627 2478 891 2532 parochianos
928 2477 977 2516 de
1013 2478 1132 2516 Daler
1169 2481 1209 2517 et
1243 2477 1484 2524 Johannffln,
1528 2477 1711 2517 abbatem
1750 2479 1850 2519 Loci
1885 2480 1979 2528 Dei,
2023 2481 2072 2520 de
2117 2481 2283 2521 decimis
2307 2488 2338 2510 V·
2373 2479 2424 2510 10·
2449 2479 2543 2513 dulii-

70 2550 273 2603 “quolibet
298 2564 403 2590 anno
431 2551 469 2590 in
499 2564 653 2590 annona
683 2551 861 2588 triturata
891 2562 959 2602 per
987 2547 1170 2586 modios'’
1202 2547 1418 2587 solvendis.
1462 2569 1513 2575 —
1552 2547 1601 2587 In
1631 2549 1814 2589 claustro
1851 2550 1962 2591 Loci
1994 2550 2097 2598 Dei,
2144 2553 2181 2590 in
2219 2552 2284 2592 die

71 2620 177 2661 beati
208 2620 349 2661 Canuti
378 2621 578 2672 martyris.

470 2691 657 2732 Langebek
683 2689 819 2732 Scriptt.
843 2688 940 2721 VIII.
968 2687 1044 2721 132.

333 2752 480 2804 [1258]
536 2753 755 2792 Jol-IANNIS
785 2751 974 2803 Rigensis
1003 2748 1314 2802 archiepiscopi,
1345 2747 1509 2798 sr(atris)
1538 2747 1765 2799 Eamus'rl)
1787 2752 1964 2802 magistri
1988 2752 2130 2793 domus
2156 2752 2283 2793 Theu-
2331 2757 2363 2792 5.
2397 2758 2498 2790 Febr.

71 2823 211 2862 tonicae
241 2823 280 2862 in
308 2821 498 2870 Livonia,
529 2827 570 2862 et
599 2823 828 2871 Sr(M01v1s)
858 2821 1016 2867 militis,
1047 2819 1140 2858 dicti
1171 2819 1220 2857 de
1251 2817 1431 2864 Oberch,
1461 2820 1567 2870 regis
1595 2819 1728 2858 Daciae
1757 2821 1949 2873 capitanei
1977 2835 2049 2874 per
2076 2823 2283 2865 Revaliam

71 2895 112 2931 et
131 2891 334 2932 Vironiam
357 2892 490 2940 literae,
520 2894 558 2932 in
584 2893 728 2947 quibus
743 2890 1047 2930 Lubecensibus
1070 2892 1109 2928 et
1133 2887 1315 2927 omnibus
1336 2887 1620 2927 mercatoribus
1643 2892 1777 2928 “mare
1801 2891 2013 2930 orientale”
2037 2892 2282 2946 frequentan-

71 2962 179 3002 tibus
208 2963 359 3015 gratias
383 2966 520 3017 agunt‚
551 2962 657 3016 quod
686 2963 735 3002 ab
766 2962 871 3001 omni
900 2959 1135 3000 commercio
1164 2971 1252 2997 cum
1281 2957 1482 2998 Ruthenis
1510 2957 1820 3007 abstinuissent,
1865 2963 1905 2999 et
1934 2962 1972 3000 in
2001 2967 2203 3015 posterum
2233 2965 2283 3003 ad

70 3036 228 3086 tempus
256 3032 456 3074 abstinere
484 3033 774 3086 proposuerint.
805 3054 853 3059 —
884 3031 1021 3082 Rc'qoe,
1052 3042 1140 3067 non.
1169 3027 1355 3067 Februar.

466 3102 644 3137 Sartorius
670 3102 798 3135 Gescb.
824 3101 856 3133 d.
881 3102 995 3132 Hanse
1019 3099 1069 3132 ed.
1095 3097 1330 3140 Lappcnberg.
1356 3097 1401 3130 11.
1425 3108 1481 3131 no.
1505 3098 1707 3131 XXXVIII.
1732 3108 1765 3142 p.
1794 3099 1870 3133 111.

331 3164 488 3213 [1259]
545 3163 670 3204 Emm
699 3163 900 3202 Danorum
928 3162 1034 3213 regis
1063 3159 1248 3212 diploma,
1278 3172 1355 3212 quo
1385 3159 1531 3199 indicat
1558 3173 1604 3199 se
1628 3173 1716 3198 cum
1739 3160 1904 3202 Alberto
1929 3162 2029 3203 duce
2061 3163 2110 3204 de
2133 3164 2281 3205 Bruns-
2310 3169 2362 3203 15.
2388 3170 2516 3203 Martii.

71 3233 138 3272 vik
175 3235 383 3281 sanxisse,
432 3238 476 3272 ut
513 3233 591 3272 dux
629 3237 787 3272 “natam
829 3245 941 3271 suam
981 3230 1246 3275 carissimam,
1289 3229 1354 3267 uni
1391 3229 1557 3268 liliorum
1594 3232 1836 3278 nostrorum,
1881 3233 1947 3284 qui
1983 3237 2078 3285 post
2113 3239 2279 3274 mortem

72 3307 245 3344 nostram
276 3305 385 3357 regni
413 3303 614 3343 Danorum
645 3315 860 3342 successor
889 3299 1084 3340 extiterit'’
1114 3298 1380 3352 despondeat3
1422 3302 1466 3337 ut
1493 3312 1560 3338 rex
1589 3298 1928 3351 dispensationem
1957 3316 2068 3356 papae
2107 3303 2154 3344 de
2191 3319 2279 3344 con-

1941 3376 2016 3416 20*
