2649 3686
322 99 419 146 464
1006 94 1162 141 Kosa
1196 89 1467 140 Cnmsmx
1503 106 1601 138 DEN
1635 89 1848 137 Fonsrn.

129 267 247 306 1459.
582 268 740 317 [4072]
799 267 1088 306 Cnms‘rmnxr
1118 262 1221 312 regis
1250 260 1370 299 literae
1408 259 1458 298 ad
1496 258 1610 298 Pium
1647 257 1786 310 (ndum)
1830 275 1994 314 papam,
2039 261 2183 316 quibus
2219 265 2541 315 compassionem

135 336 251 369 Junio.
323 352 436 378 suam
474 339 522 378 de
560 336 838 391 progressibus
875 334 1083 373 'furcarum
1119 330 1340 382 profitetur,
1385 329 1490 367 dolet
1517 332 1670 377 autem,
1715 331 1823 383 quod
1851 331 1985 371 literas
2021 346 2135 385 papae
2171 333 2409 382 (secundas,
2452 347 2540 374 nam

320 409 467 461 primas
497 407 666 446 nondum
695 406 901 445 advenisse
931 403 1036 451 dicit)
1066 404 1144 439 tam
1173 413 1264 438 sero
1293 399 1542 450 accepisset,
1581 402 1624 438 ut
1651 402 1809 453 tempus
1836 415 1913 440 non
1943 402 2140 442 sufficeret
2169 402 2219 441 ad
2247 402 2542 456 parliamentum

321 479 427 530 regni
457 477 506 516 de
534 477 607 516 hac
635 491 674 515 re
704 472 1013 514 convocandum.
1046 492 1095 498 —
1126 468 1268 508 Mense
1298 468 1431 507 Junio.

712 543 897 584 Langebek
924 539 1063 582 Scriptt.
1090 540 1171 572 Rev.
1198 540 1282 571 Dan.
1308 538 1404 570 VIII.
1432 538 1604 572 413—14.

133 609 248 644 Junio.
582 606 738 655 [4073]
797 605 1080 643 Crrnlsrlnnwl
1112 601 1215 652 regis
1244 600 1296 638 ad
1322 613 1467 652 papam
1494 600 1630 648 literae,
1668 600 1816 654 quibus
1844 607 1977 654 rogat,
2016 607 2059 643 ut
2088 618 2205 657 quam
2234 605 2423 644 citissime
2452 619 2541 645 con-

319 678 467 717 firmare
496 677 586 716 velit
614 676 836 714 electionem
865 670 997 709 Ketilli
1026 671 1204 723 episcopi
1233 669 1526 722 Lincopiensis.
1559 693 1609 699 —
1639 671 1812 723 Hafnz's,
1842 686 1982 713 mense
2010 674 2145 713 Junio.

162 778 165 779 ⁷
710 737 896 783 Langebek
921 740 1059 783 Scriptt.
1084 741 1167 773 Ber.
1193 742 1281 772 Dan.
1306 740 1407 774 VIII.
1431 740 1512 773 413.

133 810 248 843 sunio.
582 804 737 853 [4074]
796 803 1086 842 Cmusrmnxr
1125 803 1228 854 regis
1265 802 1384 841 literae
1419 802 1471 841 ad
1507 801 1623 841 Pium
1659 801 1802 855 (ndum)
1837 817 2001 857 papam,
2044 808 2088 844 ut
2118 796 2318 846 Oxiliensi
2345 809 2541 858 ecclesiae,

317 879 379 916 cui
424 876 687 929 przedecessor
730 874 818 923 ejus
855 872 1071 918 Jodocum,
1116 872 1271 913 fratrem
1310 871 1460 911 ordinis
1496 871 1803 921 Pruthenorum,
1849 878 1983 914 contra
2020 876 2247 916 electionem
2280 879 2363 931 jam
2399 879 2541 920 factam

321 947 563 999 pra-fecerat,
595 943 797 983 consulere
827 942 929 980 velit.
962 965 1011 970 —
1042 942 1184 981 Mense
1213 942 1347 981 Junio.

708 1012 895 1053 Langebck
921 1011 1063 1055 Seriptt.
1090 1012 1175 1045 Ber.
1200 1014 1290 1045 Dan.
1316 1012 1415 1046 VIII.
1440 1012 1613 1046 411—13.

79 1091 111 1121 3.
133 1090 289 1132 Aug-usti.
434 1061 439 1070 ἲ
576 1074 732 1122 [4075]
790 1073 979 1113 HENRICI
1023 1072 1139 1123 (Vlfi)
1182 1074 1333 1127 Angliae
1375 1076 1480 1127 regis
1523 1075 1642 1114 literae
1678 1073 1726 1113 de
1761 1075 1874 1114 salvo
1911 1077 2128 1125 conductu,
2177 1078 2277 1118 datae
2313 1079 2541 1122 Geminiano

317 1147 531 1191 'frix-isam»,
563 1145 672 1182 militi
702 1143 799 1182 aulae
827 1144 970 1195 regalis
999 1144 1102 1195 regis
1126 1143 1260 1183 Daciae
1289 1145 1474 1197 palatino,
1505 1149 1544 1184 et
1571 1145 1740 1184 Andreae
1770 1145 1844 1184 filio
1875 1147 1976 1198 ejus,
2008 1162 2095 1186 cum
2119 1149 2244 1188 tribus
2268 1150 2424 1190 famulis
2449 1156 2540 1200 ete.‚

316 1218 349 1254 in
381 1215 560 1265 Angliam
591 1213 795 1261 veniendi,
841 1213 893 1252 ibi
921 1214 1096 1252 morandi
1126 1218 1165 1254 et
1194 1213 1312 1254 libere
1340 1214 1520 1254 abeundi.
1566 1238 1616 1244 —
1669 1215 2053 1266 Westmonasteril,
2098 1218 2164 1257 111.
2195 1220 2390 1273 Augusti,
2434 1225 2540 1275 regni

317 1285 431 1322 Henr.
464 1282 545 1322 Vlti
576 1297 676 1322 anno
705 1283 916 1323 XXXVII.

707 1353 850 1397 Rymmi
877 1355 1034 1387 Foedera
1060 1355 1111 1387 ed.
1139 1356 1279 1388 nolmes
1305 1357 1401 1388 Tom.
1427 1358 1473 1389 V.
1499 1357 1536 1389 P.
1563 1356 1608 1390 11.
1634 1368 1668 1400 p.
1693 1358 1844 1390 85—86.

58 1431 108 1463 13,
131 1430 286 1472 Augusti.
575 1415 733 1464 [4076]
791 1416 909 1467 Kong
939 1416 1210 1456 Cnmsrrmns
1240 1417 1503 1470 Forordning,
1547 1422 1587 1456 at
1615 1420 1726 1471 ingen
1757 1421 1767 1458 i
1800 1419 1960 1473 Sverrig
1989 1434 2076 1460 maa
2105 1419 2223 1474 kjobe
2251 1436 2355 1462 mere
2385 1423 2541 1465 8110110-

312 1486 434 1538 gods,
465 1486 538 1524 end
573 1487 620 1524 12
650 1485 804 1537 uvillige
833 1486 965 1525 Maend
995 1487 1005 1525 i
1035 1486 1224 1525 Herredet
1252 1501 1372 1526 ansee
1400 1487 1490 1527 110111
1520 1488 1770 1541 vederhaeftig
1798 1490 1857 1529 for
1886 1504 1936 1530 m.
1967 1505 2019 1530 m.
2059 1514 2108 1520 —
2149 1491 2386 1542 Stoliltolm,
2429 1495 2540 1534 Man-

313 1556 434 1607 dagen
466 1557 523 1594 fiir
552 1556 634 1594 Vor
662 1555 765 1595 Frue
794 1556 885 1608 Dag
913 1557 1199 1596 Assumtionis.
2331 1563 2539 1615 (Svensk).

707 1627 871 1669 Eadm-ph
897 1627 986 1668 Udg.
1012 1629 1054 1659 af
1077 1629 1224 1667 Bjarkba
1248 1630 1372 1660 11011011
1398 1628 1463 1660 Β11.
1487 1630 1524 1661 S.
1550 1628 1699 1661 53—54.

56 1698 106 1730 14,
130 1697 285 1740 Augusti,
574 1687 733 1736 [4077]
791 1687 911 1740 Kong
953 1688 1224 1728 011111511Λ15
1270 1689 1502 1741 Privilegier
1540 1689 1599 1728 sor
1641 1689 1866 1730 Hedemora
1909 1691 2008 1730 Stad
2057 1692 2068 1730 i
2110 1692 2281 1732 Dalarne
2324 1695 2336 1732 i
2379 1695 2541 1749 Sverrig

308 1760 399 1808 (paa
429 1756 518 1795 halv
549 1758 752 1805 Stadsret,
784 1759 975 1811 ugentligt
1003 1759 1168 1798 Marked
1198 1774 1234 1798 0.
1267 1774 1300 1798 5.
1330 1773 1354 1797 v
1359 1761 1401 1809 ).
1433 1782 1483 1787 —-
1513 1759 1564 1800 In
1593 1768 1732 1801 castro
1761 1769 1905 1801 nostro
1935 1760 2287 1812 Stockholmensi,
2315 1764 2449 1816 vigilia
2477 1778 2539 1806 as·

310 1828 518 1867 sumtionis
547 1829 679 1868 Mariae
707 1829 884 1880 virginis.
2333 1835 2538 1886 (Svensk)

705 1898 992 1942 Diplomatarium
1018 1899 1197 1933 Dalekaiul
1223 1900 1251 1932 1.
1278 1910 1332 1932 no.
1362 1900 1437 1933 113.
1467 1911 1497 1943 p.
1527 1899 1603 1932 110.

84 1972 117 2003 4.
141 1972 273 2014 septbr
575 1961 735 2010 [4078]
793 1960 912 2013 Kong
949 1961 1197 2002 CnmsrlAN
1243 1962 1418 2002 dommer
1460 1962 1604 2002 tvende
1647 1961 1878 2014 angaaende
1913 1962 2211 2017 Markeskjellet
2245 1966 2400 2006 mellem
2433 1967 2540 2007 Dan-

308 2034 418 2082 storp
449 2044 499 2083 og
528 2031 583 2069 W
585 2031 752 2071 ixehode
781 2031 967 2070 udstedte
1002 2031 1132 2070 Breve
1168 2035 1253 2083 (500
1289 2033 1450 2072 mensor
1487 2031 1610 2071 under
1646 2030 1716 2070 Nr.
1748 2031 1856 2071 4053
1886 2046 1937 2085 og
1964 2033 2089 2083 4055)
2126 2034 2202 2074 ted
2237 2035 2318 2075 fuld
2354 2036 2466 2090 Magt
2501 2042 2541 2078 at

306 2099 421 2140 hlive.
455 2124 504 2129 —
535 2101 715 2150 Esrom,
747 2101 838 2140 then
870 2105 912 2140 11
915 2101 1044 2153 sdagh
1072 2106 1161 2140 nest
1190 2103 1272 2141 fore
1301 2117 1383 2142 wor
1411 2103 1507 2142 frwe
1536 2102 1613 2154 dag
1642 2103 1871 2141 nativitatis.

703 2173 892 2213 Langebek
919 2172 1057 2215 Scriptt.
1082 2174 1145 2206 IX.
1242 2196 1250 2206 .
1300 2174 1385 2206 cod.
1410 2173 1548 2205 Esrom.
1574 2173 1636 2205 fol.
1663 2171 1830 2205 cxlmb.

76 2242 126 2276 18,
159 2243 282 2276 lxm-br.
571 2232 731 2283 [4079]
789 2233 943 2273 Lixus
989 2234 1238 2275 scammis
1286 2234 1534 2288 Skjiidebrev
1570 2248 1647 2288 paa
1684 2248 1731 2273 en
1769 2234 1870 2274 Deel
1901 2234 2014 2274 Gods
2051 2234 2338 2284 iKeldebeke‚
2381 2237 2540 2292 Langk.

309 2303 422 2342 stede
449 2306 544 2351 etc.,
575 2317 664 2342 som
692 2302 768 2342 han
799 2303 926 2356 solgte
956 2303 996 2342 til
1025 2304 1095 2343 Hr.
1128 2304 1231 2343 Cord
1261 2304 1426 2352 Cordes,
1456 2304 1722 2345 Archidiakon
1751 2304 1763 2343 i
1793 2304 2029 2358 Slesswigh,
2061 2306 2121 2345 sor
2143 2305 2222 2345 370
2243 2306 2357 2345 Mark
2378 2308 2537 2360 Lyhsk.

311 2396 358 2401 —
390 2372 432 2411 In
463 2373 536 2412 den
567 2373 680 2413 achte
712 2373 849 2426 Dagen
881 2377 996 2413 siinte
1025 2374 1213 2413 Mertens.
2264 2376 2536 2430 (Plattydsk).

706 2445 818 2477 Noodt
842 2444 1003 2485 Beitrage
1029 2445 1072 2477 lI.
1099 2455 1130 2487 p.
1157 2444 1305 2478 21—26.

573 2504 732 2555 [4080]
793 2506 1079 2545 Cnmswmm
1125 2508 1226 2558 regis
1267 2507 1388 2546 literoe
1424 2507 1475 2545 ad
1510 2507 1721 2554 Davidem,
1764 2508 1998 2560 episcopum
2037 2506 2352 2560 Trajectensem,
2395 2509 2445 2550 de
2482 2512 2540 2550 in-

306 2573 441 2624 juriis,
471 2573 656 2613 Marcello
687 2577 878 2629 episcopo
909 2590 977 2629 per
1005 2574 1330 2629 hurgimagistros
1360 2580 1399 2616 et
1429 2577 1674 2630 consulatum
1704 2577 1977 2617 Coloniensem
2007 2577 2149 2624 illatis,
2187 2591 2303 2631 quem
2334 2583 2466 2631 rogat,
2495 2585 2539 2621 ut

312 2655 556 2683 commonere
586 2645 678 2684 velit
708 2646 991 2692 Colonienses,
1021 2650 1064 2684 ut
1093 2645 1167 2684 sibi
1198 2652 1235 2685 et
1265 2649 1452 2701 episcopo
1477 2649 1788 2688 satisfactionem
1811 2647 1916 2694 dent,
1946 2647 1982 2686 si
2005 2660 2096 2686 vero
2118 2647 2195 2686 hoc
2217 2651 2536 2702 contempserint,

312 2716 421 2763 rogat
438 2713 681 2766 episcopum,
699 2720 741 2754 ut
756 2716 930 2755 exercitu
945 2719 986 2754 et
1002 2716 1105 2754 omni
1121 2717 1266 2755 auxilio
1283 2718 1477 2757 adversus
1494 2733 1565 2758 eos
1580 2720 1660 2771 regi
1675 2718 1774 2758 ferat
1791 2731 1918 2772 opem.
1937 2740 1986 2746 —-
2002 2716 2053 2757 In
2068 2725 2207 2757 castro
2221 2715 2537 2771 Coppenltaven.

703 2785 891 2827 Langebek
916 2785 1056 2828 Scriptt.
1082 2787 1165 2818 Ber.
1192 2788 1281 2820 Dan.
1306 2789 1403 2821 VIII.
1428 2789 1626 2822 400—401.

574 2845 730 2894 [4081]
790 2846 1080 2887 Cnnrs'rmam
1118 2848 1223 2900 regis
1258 2848 1377 2888 literae
1413 2850 1462 2889 ad
1499 2850 1735 2889 cardinalem
1772 2849 1822 2889 de
1851 2848 2041 2889 Columna
2076 2847 2354 2902 [ejusdemque
2389 2864 2537 2892 sensus

312 2909 360 2947 ad
391 2910 624 2952 cardinales:
669 2914 1016 2968 portugalensem,
1061 2907 1354 2957 Bononiensem
1399 2924 1439 2959 et
1481 2920 1884 2973 Rothomagensem],
1927 2922 1970 2958 ut
2005 2916 2142 2956 electio
2180 2917 2312 2958 Ketilli
2355 2923 2537 2976 episcopi

314 2978 589 3031 Lincopiensis
619 2997 733 3036 quam
764 2987 953 3026 citissime
983 2987 1198 3026 confirmari
1227 2989 1371 3040 possit.

705 3055 889 3096 Langebek
915 3057 1053 3100 Scriptt.
1076 3059 1160 3090 Ber.
1186 3058 1274 3090 Dan.
1302 3059 1399 3092 VIII.
1425 3059 1505 3092 413.
1559 3059 1634 3093 Cfr.
1659 3069 1767 3103 supra
1790 3069 1846 3093 110.
1871 3058 1974 3092 4073.

577 3112 733 3163 [4082]
791 3117 908 3168 Kong
947 3117 1218 3158 Cmusrmss
1250 3119 1404 3173 Skjode
1434 3135 1484 3173 og
1513 3119 1720 3160 Gavebrev
1755 3134 1831 3175 paa
1860 3119 2049 3168 (unaevnt)
2088 3117 2203 3160 Gods
2232 3120 2273 3160 til
2303 3120 2371 3162 det
2400 3121 2533 3175 Capel,

316 3179 391 3217 han
421 3179 561 3231 agtede
591 3185 629 3220 at
657 3183 742 3222 lade
773 3185 955 3238 opbygge
984 3187 1028 3225 af
1052 3201 1105 3239 ny
1133 3189 1209 3227 ved
1237 3189 1475 3228 Domkirken
1506 3191 1517 3230 i
1548 3189 1780 3231 Roeskilde.
1813 3212 1862 3219 —
1893 3187 2105 3230 Roeskz'ld.

707 3253 889 3287 Bircherod
915 3256 954 3289 de
979 3256 1051 3289 ord.
1077 3256 1244 3301 elephant.
1269 3269 1300 3302 p.
1325 3258 1475 3292 49-50.
