2649 3686
889 111 1044 161 Koxo
1078 112 1208 162 Eun(
1245 112 1500 163 Gmm‘uve.
2208 118 2302 167 143

83 277 249 331 Ripensi
278 278 495 331 reparanda
523 292 666 319 manus
702 283 946 333 porrexerint
981 284 1210 338 adjutrices.
1246 308 1297 314 —
1336 285 1507 339 Rippz‘s,
1550 283 1659 323 VIII.
1699 284 1852 324 calend.
1896 285 2120 338 Septembr.
2163 289 2301 340 pontis.
2376 290 2490 331 1266,

83 347 294 388 Clementis
324 348 392 387 lv,
422 362 523 388 anno
555 350 745 389 secundo.
2321 359 2376 392 25.
2404 365 2557 403 Augusti.

474 421 650 462 Terpager
674 420 767 464 Ripae
794 421 922 456 Cimbr.
951 434 983 467 p.
1009 423 1066 456 84.
1115 424 1352 468 Pontoppidan
1376 423 1499 457 Annal.
1527 424 1650 457 eccles.
1676 425 1764 457 Dan.
1791 425 1817 457 Ι.
1844 424 1923 457 725.

341 479 499 529 [1145.]
556 480 674 520 Eruci
706 482 810 534 regis
841 485 979 531 literae,
1009 485 1154 538 quibus
1183 486 1346 533 indicat,
1393 500 1439 526 se
1468 500 1597 526 coram
1623 487 1772 539 judicio
1805 485 2002 526 Guidonis
2038 489 2095 527 tit.
2127 489 2170 528 S.
2201 488 2301 529 Lau·
2328 490 2384 523 27·
2405 496 2559 534 Augusti.

79 549 190 589 rentii
227 549 264 589 in
294 549 446 590 Lucina
482 550 706 604 presbyteri
743 553 953 593 cardinalis
992 555 1137 596 adesse
1176 557 1353 596 noluisse
1389 556 1426 595 in
1466 556 1533 596 lite
1569 558 1668 596 inter
1705 558 1835 609 ipsum
1872 560 2005 596 exorta
2042 561 2080 596 et
2116 558 2301 612 archiepi-

79 633 243 674 scopum
279 619 556 666 Lundensem,
600 623 835 676 episcopum
868 624 1177 666 Roskildenscm
1215 631 1255 666 et
1290 625 1617 675 Otthoniensem3
1661 641 1757 667 sese
1794 641 1885 666 vero
1923 627 1974 666 ad
2011 628 2140 680 ipsum
2177 632 2299 682 ponti-

77 691 187 732 ficem
217 690 442 731 Romanum
473 705 567 731 esse
596 696 911 744 provocaturum.
944 717 991 723 —
1023 696 1165 749 Re‘pis,
1196 696 1346 736 calend.
1379 696 1601 749 Septembr.
1633 697 1700 736 VI.

468 762 655 803 Langebek
680 763 817 806 scriptt.
843 765 888 797 V.
913 764 1109 799 607—609.
1157 768 1302 809 Interpr.
1328 768 1414 800 Dan.
1440 777 1492 810 ap.
1520 767 1709 810 nvitfeldt‚
1742 768 1866 800 Danm.
1894 767 2001 810 Riges
2027 770 2135 802 Kron.
2162 780 2193 813 p.
2219 769 2297 804 270.

471 824 619 867 Interpr.
648 826 810 859 German.
834 836 886 869 ap.
913 828 1167 871 Pontoppidam
1194 829 1315 863 Annal.
1341 828 1465 862 eccles.
1491 830 1576 862 Dan.
1603 829 1630 862 Ι.
1655 829 1828 862 721-23.

337 883 486 937 [1146]
544 885 880 940 ΙιίῒετωλΕεοΕιιι
911 889 1090 942 episcopi
1119 890 1332 943 Ripensis,
1372 890 1519 943 quibus
1548 894 1733 935 testatur,
1772 890 1979 930 Nicolaum
2010 891 2128 931 filiuni
2159 892 2298 931 Asceri
2337 889 2367 920 4·
2393 887 2521 931 S⁴³l‘¹*'¹·⁴

77 954 304 1007 lngretssen
334 955 467 995 abbati
494 960 533 995 et
562 958 771 997 conventui
801 957 900 997 Loci
932 958 1005 998 Dei
1037 959 1138 999 bona
1168 960 1346 1013 quaedam
1377 962 1412 999 in
1444 961 1689 1014 Bilstedterp
1719 964 1758 1001 et
1787 960 2123 1008 Burlundmarck‚
2153 963 2297 1001 molen-

74 1026 206 1065 dinum
236 1027 272 1065 in
303 1026 488 1080 Arndrup
518 1040 565 1066 ac
594 1027 672 1066 duo
702 1028 828 1079 otting
857 1033 967 1068 terrac
998 1030 1034 1067 in
1066 1030 1247 1084 Arndrop
1277 1031 1409 1070 marck
1446 1031 1673 1072 vendidisse
1709 1035 1748 1071 et
1777 1033 2013 1072 scotavisse.
2057 1054 2108 1060 -—
2152 1032 2295 1086 Ripis,

72 1097 252 1149 proximo
282 1095 452 1137 sabbato
482 1101 572 1137 ante
604 1098 841 1137 nativitatem
873 1098 996 1138 beatae
1025 1099 1159 1140 Mariae
1189 1101 1362 1154 virginis.

468 1167 656 1209 Langebek
681 1168 821 1211 Scriptt.
847 1169 949 1201 VIII.
977 1169 1053 1202 148.

333 1228 480 1281 [1142]
541 1228 702 1275 Literna,
747 1229 893 1282 quibus
923 1229 1148 1271 JOHANNES
1179 1235 1218 1271 et
1246 1230 1438 1279 Pauus,
1475 1232 1542 1272 filii
1572 1233 1689 1273 Aceri
1720 1233 1966 1285 Ingretssen,
2008 1238 2205 1275 testantur
2240 1257 2294 1264 —
2329 1231 2361 1262 8.
2389 1233 2522 1274 Septbr.

71 1304 114 1339 ut
143 1299 278 1339 dicunt
305 1321 357 1328 --
387 1304 490 1338 “nos
520 1312 762 1338 consensum
792 1303 829 1339 et
858 1299 1002 1340 bonam
1033 1302 1272 1341 voluntatem
1302 1307 1477 1342 nostram
1515 1317 1604 1343 cum
1643 1304 1807 1343 consilio
1847 1301 2103 1356 cognatorum
2140 1310 2292 1346 nostro·

71 1384 154 1410 rum
183 1369 418 1411 adhibuisse
447 1369 663 1409 venditioni
693 1374 732 1409 et
761 1371 998 1420 scotationi,
1042 1386 1128 1424 quae
1165 1375 1227 1412 est
1266 1373 1364 1412 inter
1401 1373 1600 1413 dominum
1637 1373 1820 1414 abbatem
1855 1379 1894 1414 et
1930 1380 2164 1416 conventum
2195 1377 2292 1417 Loci

69 1440 144 1480 Dei
293 1444 333 1481 et
361 1440 493 1480 fratris
524 1441 649 1479 nostri
677 1439 863 1480 Nicholai
894 1443 1005 1492 (sic),
1050 1441 1098 1481 de
1135 1441 1320 1482 omnibus
1355 1443 1692 1496 patrimonialibus
1731 1443 1879 1494 (bonis)
1916 1447 2004 1485 suis
2043 1446 2080 1485 in
2120 1446 2288 1486 Bilsted-

67 1515 171 1565 terp,
201 1515 241 1551 et
268 1510 556 1550 molendinorin
588 1510 770 1564 Arndrop
800 1515 839 1551 et
865 1511 1022 1551 duobus
1052 1513 1207 1551 octonis
1236 1513 1398 1564 integris
1427 1515 1463 1552 in
1495 1514 1676 1567 Arndrop
1706 1514 1840 1554 marck
1869 1544 1878 1554 .
1990 1529 2012 1555 a
2039 1516 2153 1555 dictis
2184 1517 2287 1556 clau-

68 1581 277 1628 stralibus,
307 1581 393 1621 sine
423 1581 730 1620 contradictione
763 1582 825 1621 vel
855 1582 1036 1621 molestia
1065 1583 1341 1636 cujuscunque
1369 1597 1568 1637 personae,
1592 1585 1685 1636 jure
1709 1588 1900 1637 perpetuo
1923 1585 2218 1639 possidendis”.
2236 1609 2287 1615 —

67 1652 206 1707 Ripis,
237 1653 274 1692 in
305 1653 506 1692 nativitate
535 1652 719 1704 gloriosae
748 1654 921 1705 virginis.

462 1723 652 1764 Langebek
678 1722 819 1766 Scriptt.
843 1724 940 1756 VIII.
970 1722 1046 1756 149.

327 1784 475 1837 [1148]
534 1784 747 1825 Gmnoms
778 1785 1006 1831 cardinalis,
1035 1785 1264 1838 apostolicae
1296 1785 1405 1825 sedis
1436 1785 1571 1838 legati,
1601 1785 1722 1825 literae
1746 1786 1794 1826 ad
1817 1787 2080 1840 parochianos
2110 1789 2287 1829 ecclesiae
2323 1790 2356 1823 '2-
2383 1792 2511 1827 Novbr.

63 1856 112 1897 de
149 1855 398 1902 Bredeuath,
442 1855 589 1909 quibus
627 1855 830 1908 prohibet,
873 1869 922 1894 ne
958 1854 1139 1895 abbatem
1183 1858 1221 1894 et
1257 1858 1492 1895 conventum
1529 1858 1756 1896 monasterii
1793 1856 1890 1896 Loci
1928 1857 2004 1897 Dei
2043 1860 2079 1898 in
2122 1860 2285 1912 pacifica

63 1927 177 1967 dictae
206 1926 384 1966 ecclesiae
412 1926 680 1980 possessione
717 1926 940 1965 molestent.
983 1947 1036 1954 -
1075 1926 1203 1978 Apud
1234 1924 1426 1974 Lubeclc,
1470 1924 1555 1965 IIII.
1586 1940 1712 1966 nonas
1741 1925 2002 1975 Novembris,
2033 1930 2284 1987 pontificatus

63 1997 208 2038 domini
239 1997 456 2040 Clementis
482 2010 594 2050 papae
624 1996 753 2049 quarti
781 2009 881 2035 anno
911 1994 1105 2035 secundo.

455 2067 642 2109 Langebek
668 2065 807 2111 Scriptt.
832 2066 935 2099 VIII.
964 2065 1041 2099 125.

324 2128 471 2180 [1149]
531 2128 672 2169 Literae
703 2128 929 2173 Goinoms,
967 2130 1096 2180 apost.
1127 2125 1238 2167 sedis
1267 2126 1409 2178 legati,
1445 2125 1496 2166 ad
1525 2126 1666 2166 fratres
1694 2127 1973 2180 praedicatores
2003 2129 2039 2169 in
2072 2129 2201 2170 Dania
2230 2131 2278 2171 de
2308 2127 2358 2159 ¹⁰·
2394 2126 2518 2159 N⁰Vb¹²

59 2198 498 2246 sententialinterdicti,
543 2200 578 2238 in
610 2211 748 2238 omnes
785 2202 911 2236 terras
948 2198 1053 2249 regis
1094 2197 1227 2236 Daciae
1266 2210 1337 2250 per
1379 2198 1511 2250 ipsum
1544 2196 1717 2249 legatum
1762 2198 1859 2243 lata,
1903 2198 2108 2251 diligenter
2145 2199 2278 2241 ohser-

47 2250 200 2313 ‘vandffl
229 2292 284 2300 -
312 2268 505 2319 Lubeloe,
536 2268 625 2309 1111.
657 2269 708 2310 id.
738 2267 949 2308 Novembr.

453 2339 562 2373 Sulim
586 2339 677 2371 Hist.
702 2339 743 2371 af
762 2338 911 2371 Danrnk.
935 2338 981 2370 X.
1005 2335 1085 2369 987.

322 2401 468 2453 [1150]
525 2400 729 2447 Libellus,
773 2401 809 2439 in
850 2413 928 2452 quo
966 2411 1098 2438 ABBAS
1137 2410 1190 2437 εἰ·
1222 2409 1471 2437 coNqurns
1504 2409 1555 2436 na
1584 2409 1694 2436 carm
1728 2396 1883 2439 Issum
1915 2400 2102 2453 injurias,
2144 2414 2275 2441 mona·
2374 2406 2450 2435 ante

57 2474 177 2514 sterio
206 2487 277 2527 per
305 2473 537 2527 episcopum
568 2472 829 2509 Arusiensem
859 2469 989 2508 illatas
1018 2471 1236 2508 recensent.
1263 2490 1316 2496 —
1346 2466 1442 2506 Sine
1470 2480 1572 2509 anno
1602 2471 1640 2507 et
1669 2467 1745 2506 die.
2302 2462 2359 2496 30·
2385 2465 2511 2497 Novbr-

451 2541 643 2583 Langebek
669 2541 807 2584 Scriptt.
833 2541 874 2574 V.
903 2538 1074 2572 292-94.

319 2603 466 2658 [II5I.]
493 2644 498 2650 s
522 2603 665 2643 Literae
698 2603 930 2646 Gunmms,
961 2614 995 2640 s.
1024 2599 1226 2639 Laurentii
1255 2598 1291 2636 in
1321 2596 1473 2639 Lucina
1501 2596 1721 2650 presbyteri
1750 2598 1973 2646 cardinalis,
2003 2605 2131 2657 apost.
2163 2602 2272 2642 sedis
2297 2602 2352 2635 30-
2385 2604 2512 2637 Novbr-

56 2675 196 2727 legati,
239 2674 290 2714 ad
332 2674 501 2714 electum
537 2674 853 2717 Slesvicensem‚
896 2675 940 2710 ut
977 2669 1108 2710 abbati
1150 2669 1439 2720 conventuique
1476 2667 1584 2709 Carae
1630 2667 1774 2707 lnsulae
1816 2674 1950 2710 contra
1995 2677 2274 2724 persecutores

55 2745 188 2799 ipsius
218 2745 464 2787 defensionIs
494 2744 680 2798 praesidio
711 2743 887 2782 assistat.
917 2763 969 2769 -
997 2736 1310 2792 Moqdeboryh,
1342 2736 1393 2779 II.
1423 2737 1572 2777 calend.
1603 2737 1813 2779 Decembr.

448 2814 636 2856 Langebek
662 2813 800 2856 Scriptt.
826 2813 870 2844 V.
896 2810 976 2843 295.

318 2876 465 2927 [1152]
522 2876 741 2926 N(1c01.A1)
774 2871 1051 2924 VVibergensis
1087 2869 1286 2922 episcopi,
1329 2869 1436 2920 regis
1467 2867 1598 2908 Daciae
1635 2870 1876 2917 cancellarii,
1919 2872 2121 2912 vidimatio
2156 2872 2272 2914 hullae

57 2946 272 2988 Clementis
300 2960 413 3000 papae
445 2943 549 2992 1V11‚
580 2945 681 2984 datae
711 2945 760 2983 V.
791 2944 842 2982 id.
874 2941 1035 2982 Octobr.
1071 2939 1190 2984 1265,
1221 2938 1270 2977 de
1300 2942 1455 2978 centum
1485 2938 1632 2978 dierum
1663 2939 1937 2993 indulgentiis,
1968 2943 2018 2981 iis
2048 2945 2270 2991 concessis,

56 3018 121 3070 qui
147 3016 339 3059 ecclesias
368 3016 518 3056 ordinis
548 3015 852 3055 Praedicatorum
883 3013 1001 3052 certis
1032 3008 1171 3048 diebus
1202 3008 1317 3047 festis
1348 3007 1688 3061 frequentaverint.
1721 3032 1768 3038 —
1808 3010 2026 3066 IViberyz's.

448 3085 624 3128 Liijegren
648 3084 876 3128 Diplomatar.
903 3084 1041 3115 Svecan.
1066 3079 1110 3111 11.
1135 3088 1191 3110 no.
1222 3078 1318 3110 1710.
1343 3088 1376 3121 p.
1400 3077 1573 3112 649-50.

315 3146 473 3196 [1153]
531 3147 631 3186 Acta
661 3145 820 3202 capituli
852 3143 1046 3195 generalis
1076 3139 1220 3180 ordinis
1249 3138 1574 3178 Praedicatoruni:
1632 3139 1652 3191 ξ
1696 3140 1756 3181 15.
1793 3142 2080 3186 “Absolvimus
2116 3147 2270 3202 priores

43 3193 312 3271 provinciales
340 3217 550 3271 provinciae
582 3215 820 3260 Provinciae,
851 3212 1073 3256 Teutoniae,
1102 3209 1293 3249 Dicm'z
1318 3231 1373 3237 —
1401 3209 1528 3263 Apud
1559 3209 1771 3252 Trevirim.

449 3288 608 3322 Martene
635 3290 668 3319 et
692 3285 832 3319 Dur-and
858 3284 1023 3321 Tliesaur.
1048 3290 1126 3314 nov.
1150 3279 1313 3315 Anecdot.
1341 3280 1436 3316 Tom.
1460 3280 1523 3316 IV.
1552 3278 1649 3315 1743.
