2649 3686
156 338 273 378 1261.

124 409 176 441 13.
211 407 308 448 Maji.

125 606 174 638 12.
211 605 306 638 Julii.

122 891 172 923 17.
209 890 306 923 Julii.

153 1627 267 1667 1262.

121 1713 170 1744 15.
205 1711 301 1752 Maji.

117 1983 170 2014 28.
204 1981 300 2022 Maji.

111 2322 159 2353 17.
196 2321 315 2356 Decbr.

162 2830 275 2868 1263.

94 2914 205 2945 5-18
223 2913 322 2945 Febr.

120 3183 315 3217 Februario.

346 167 444 217 134
1153 157 1306 206 Koxa
1339 152 1470 200 Ean<
1506 147 1759 198 Gmpmxc..

342 233 2546 262 &w

603 337 758 386 [1061]
817 335 1018 374 Carnum
1053 332 1256 370 Rmmvsm
1299 323 1512 378 appellatio
1558 320 1608 359 ad
1651 320 1799 359 curiam
1835 319 2055 358 Romanam
2094 320 2229 356 contra
2267 318 2487 357 sententias
2522 332 2545 358 a

347 408 426 447 dno
456 407 754 459 archiepiscopo
784 403 1010 448 Lundensi‚
1056 400 1237 443 Jaoono,
1281 407 1371 446 erga
1401 391 1496 431 illud
1534 391 1707 429 sortasse
1751 388 1954 434 serendas,
1993 388 2207 426 occasione
2249 388 2545 428 constitutionis

349 476 480 518 “Cum
508 478 683 517 ecclesia
712 473 929 515 Daciam&
959 485 978 509 a
1009 468 1181 520 capitulo
1211 479 1285 504 non
1317 465 1493 502 servatae.
1523 482 1573 488 —
1602 460 1746 513 Ripz's‚
1777 459 1892 497 tertio
1922 457 2012 496 idus
2040 457 2153 510 Maji.

734 546 906 586 Terpager
931 541 1025 583 Ripae
1055 538 1180 571 Cimbr.
1205 547 1236 578 p.
1262 533 1409 566 206—7.

602 606 756 655 [1062]
814 605 976 648 Literae,
1020 599 1162 653 quibus
1202 596 1382 639 Eamus,
1426 591 1503 630 dux
1540 590 1680 636 Jutiae,
1722 588 1928 629 libertates
1967 593 2005 628 et
2040 589 2331 635 immunitates,
2374 588 2546 641 capitulo

343 678 585 716 Slesvicensi
615 687 854 720 concessas,
884 671 1101 716 confirmat,
1132 668 1285 719 aliaque
1316 661 1492 716 quaedam
1522 673 1623 699 nova
1651 659 1855 713 privilegia
1882 659 2002 698 addit.
2048 681 2096 686 —
2144 656 2418 726 Schlesmiclr,
2460 657 2547 698 llll,

343 747 432 786 'dus
459 747 568 786 'lum'
731 812 835 845 Suhm
861 810 951 842 nist,
977 808 1016 840 af
1035 806 1179 839 Danmk.
1203 804 1248 836 X.
1273 801 1352 834 977.
1402 800 1477 833 cfr.
1502 800 1734 843 Westphalen
1759 802 1911 833 Monum.
1938 799 2025 832 ined.
2050 800 2113 832 IV.
2138 776 2334 832 3114—15·

601 874 752 923 [1063]
809 872 972 916 Litcrae,
1015 867 1158 921 quibus
1201 865 1368 903 Parnes
1411 861 1535 900 me
1578 861 1761 901 omnibus
1805 865 1940 900 notum
1991 861 2104 908 facit,
2148 875 2194 900 se
2233 862 2475 900 monasterio
2505 862 2547 900 S.

344 946 545 986 u'ilhelmi
574 946 609 984 in
638 942 848 983 Ebbleholt
876 940 978 979 bona
1008 951 1080 976 sua
1108 938 1145 975 in
1174 933 1348 986 Mynghe
1386 933 1465 972 sita
1495 932 1727 971 contulisse.
1762 954 1811 959 —
1839 931 2014 979 Esrom,
2057 932 2236 985 proxima
2273 931 2420 970 domin.
2457 935 2550 984 post

343 1016 638 1055 translationem
670 1028 702 1052 s.
731 1010 937 1050 Benedicti
967 1007 1137 1046 abbatis.

728 1079 911 1121 Langebek
936 1077 1074 1118 Scriptt.
1099 1076 1160 1108 VI.
1190 1072 1360 1106 162—63.

599 1142 744 1194 [1064]
803 1141 901 1180 Acta
930 1137 1096 1191 'capituli
1142 1134 1337 1188 generalis
1382 1133 1533 1173 ordinis
1575 1132 1897 1173 praedicatorum.
1968 1133 1988 1184 ᾧ
2034 1133 2096 1172 11.
2140 1132 2265 1172 “Item
2309 1134 2550 1186 injungimus

341 1213 536 1268 prioribus
565 1211 868 1265 provincialibus
898 1213 937 1248 et
966 1205 1240 1246 definitoribus
1268 1205 1558 1257 provinciarum
1588 1204 1806 1257 Hispaniae,
1836 1205 2040 1251 Romanae,
2070 1203 2303 1251 Provinciae,
2335 1203 2549 1250 Teutoniae,

339 1285 531 1330 Poloniae,
564 1283 755 1334 Ungariae,
784 1280 942 1325 DAcm,
975 1276 1081 1330 quod
1112 1275 1305 1329 ordinent,
1336 1273 1442 1327 quod
1471 1275 1612 1314 fratres
1636 1276 1819 1327 juniores
1849 1278 1889 1314 et
1913 1274 2108 1313 docibiles
2147 1275 2184 1313 in
2224 1273 2458 1326 logicalihus
2496 1275 2549 1312 in-

344 1357 552 1393 struantur.
611 1352 652 1391 ln
681 1351 880 1404 provincia
909 1362 1001 1387 vero
1032 1346 1233 1385 Teutoniae
1266 1345 1476 1383 instituant
1504 1345 1581 1384 duo
1620 1345 1682 1384 vel
1728 1347 1801 1384 tria
1839 1345 1971 1384 studia
2008 1344 2238 1397 hujusmodi
2276 1346 2314 1383 in
2351 1345 2550 1406 conventi7

338 1423 414 1462 hus
444 1423 596 1462 idoneis
625 1422 674 1460 ad
699 1420 919 1473 praedicta”.
949 1440 998 1445 —
1033 1417 1159 1469 Apud
1185 1416 1504 1456 Barclzz'nonam.

727 1493 882 1524 Martene
907 1495 940 1521 et
962 1487 1103 1520 Durand
1127 1487 1297 1519 Thesaur.
1324 1495 1402 1518 [ιον.
1428 1485 1556 1518 Anecd.
1579 1486 1674 1518 Tom.
1699 1485 1761 1518 IV.
1791 1485 1891 1519 1730.

598 1700 742 1751 [1065]
799 1698 968 1739 URBANI
1014 1695 1126 1747 (lvti)
1171 1696 1221 1735 ad
1264 1697 1434 1748 priorem
1478 1695 1759 1748 provincialem
1804 1694 1964 1734 fratrum
2000 1694 2307 1734 Praedicatorum
2350 1696 2388 1734 in
2426 1695 2552 1735 Dacia

340 1772 477 1818 literae,
507 1771 555 1810 de
585 1769 836 1810 acceleranda
863 1768 1094 1807 collectione
1126 1768 1304 1818 pecuniae
1336 1767 1373 1805 in
1399 1766 1622 1805 subsidium
1648 1770 1757 1805 terrae
1782 1769 1943 1812 sanctae,
1976 1779 2051 1804 non
2077 1765 2330 1804 obstantibus
2352 1766 2552 1819 indulgen-

342 1843 410 1881 tiis
427 1841 624 1889 sratrihus,
640 1844 754 1879 antea
771 1839 875 1877 datis
892 1840 956 1885 (ne
974 1837 1182 1890 pecuniam
1198 1837 1384 1889 colligere
1402 1838 1635 1885 teneantur).
1657 1859 1703 1864 —
1731 1835 1921 1885 Viterbiz',
1945 1835 1996 1874 id.
2010 1835 2124 1888 Maii,
2140 1835 2279 1888 pontif.
2296 1850 2397 1876 anno
2412 1838 2551 1890 primo.

728 1908 904 1950 Liljegren
929 1908 1152 1951 Diplomatar.
1179 1909 1323 1939 Svecan.
1348 1908 1375 1939 I.
1401 1917 1456 1939 no.
1483 1907 1562 1939 481.
1589 1917 1621 1949 p.
1647 1905 1726 1938 409.

597 1970 750 2019 [1066]
807 1970 1001 2009 Esrmms
1039 1970 1124 2008 filiae
1162 1968 1229 2008 dni
1264 1967 1420 2007 Nicolai
1458 1968 1524 2007 filii
1559 1967 1777 2007 Alexandri
1814 1971 2117 2014 testamentum,
2160 1981 2237 2020 quo
2279 1969 2408 2008 omnia
2450 1968 2553 2008 bona

341 2055 412 2080 sua
442 2041 613 2080 claustro
644 2040 995 2080 sanctimonialium
1027 2040 1064 2078 in
1094 2038 1303 2091 Byrthingi
1334 2042 1374 2077 et
1402 2041 1549 2077 sancta:
1587 2037 1709 2077 Clarae
1739 2038 1950 2077 Roskildis
1987 2038 2109 2076 donat
2145 2042 2185 2077 et
2221 2041 2371 2087 scotat3
2415 2053 2552 2078 execu-

341 2111 493 2150 toribus
522 2112 746 2150 testamenti
784 2110 1045 2149 denominatis
1082 2109 1234 2148 Jacobo
1275 2107 1580 2160 archiepiscopo
1610 2108 1837 2155 Lundensi,
1879 2106 2053 2147 Erlando
2091 2107 2369 2149 archidiacono
2407 2108 2553 2148 ibidem

340 2186 379 2221 et
408 2182 564 2220 domino
593 2181 756 2220 Nicolao
788 2172 999 2219 Onclaesun.
1030 2202 1083 2208 —-
1113 2179 1359 2233 Bgsrtlaz'nqz',
1389 2179 1438 2216 V.
1469 2178 1622 2217 calend.
1652 2178 1773 2217 Junii.

729 2251 833 2282 Suhm
858 2250 948 2282 Hist.
974 2250 1015 2282 af
1036 2250 1184 2282 Da'nmk.
1209 2250 1256 2282 X.
1280 2248 1361 2281 978.
1408 2248 1582 2290 Liljegren
1608 2248 1833 2291 Diplomatar.
1858 2250 2001 2280 Svecan.
2026 2247 2055 2281 l.
2081 2258 2137 2280 no.
2162 2248 2242 2280 857.
2270 2258 2302 2291 p.
2328 2247 2500 2282 709—10.

602 2312 747 2362 [1067]
804 2312 957 2351 Alberti
988 2316 1027 2350 et
1055 2311 1268 2357 Johannis,
1312 2310 1456 2349 ducum
1494 2310 1542 2350 de
1571 2310 1830 2358 Brunswich,
1873 2310 1994 2349 literae
2032 2324 2152 2363 super
2180 2310 2406 2349 venditione
2435 2311 2552 2350 unius

340 2382 550 2433 sartaginis
581 2382 617 2420 in
648 2382 773 2421 salina
802 2381 1116 2434 Luneburgensi.
1156 2403 1205 2409 —-
1244 2381 1348 2420 Inter
1381 2385 1601 2434 praesentes
1631 2382 1880 2419 nominantur
1907 2379 2132 2426 Emeum,
2175 2380 2369 2433 Ripensis
2398 2382 2551 2434 episco-

340 2465 436 2503 pus,
467 2455 506 2491 et
533 2451 727 2491 Ernestus
757 2452 806 2490 de
836 2451 1014 2491 Glichen.
1047 2474 1095 2479 —-
1136 2451 1454 2497 lVernemmzde,
1485 2450 1636 2490 calend.
1665 2450 1842 2490 Januarii
1872 2449 1984 2490 XVI.

729 2522 962 2564 Westphalen
988 2524 1140 2554 Menum.
1168 2522 1256 2554 ined.
1283 2523 1345 2554 111.
1375 2521 1474 2554 1506.

599 2581 756 2631 [1068]
822 2582 995 2622 Nicomi
1040 2596 1351 2622 ancnrnmcom
1395 2595 1449 2622 m·
1497 2597 1691 2623 ctam-rum
1734 2583 1946 2623 ermsrs
1997 2581 2299 2633 transscriptum
2351 2580 2550 2620 literarum

343 2649 507 2689 Eschilli
537 2653 715 2705 episcopi
746 2653 1032 2700 slesvicensis,
1063 2667 1181 2706 supra
1214 2653 1289 2692 sub
1320 2668 1383 2692 no.
1413 2653 1508 2693 852.
1538 2654 1756 2693 allatarum.

734 2723 918 2763 Langebek
943 2722 1082 2766 Scriptt.
1108 2724 1205 2756 vill.
1232 2723 1404 2756 211—12.

1374 2823 1517 2872 1263.

606 2917 748 2967 [1069]
809 2917 947 2957 Litcrae
978 2918 1166 2960 Tuxomis
1197 2922 1377 2974 episcopi
1410 2921 1642 2960 Arusiensis
1672 2919 1722 2957 ad
1752 2918 1789 2957 d.
1818 2917 1854 2957 J.
1870 2917 1997 2957 Lamb
2023 2922 2062 2956 et
2086 2920 2340 2971 praepositum
2364 2920 2552 2969 Yvarum,

351 2987 561 3024 canonicos
598 2987 862 3033 Arusienses,
914 2991 956 3025 ut
992 2994 1174 3028 moneant
1212 2991 1395 3031 abbatem
1441 2995 1481 3031 et
1522 2993 1755 3029 conventum
1793 2988 1901 3027 Carae
1939 2987 2082 3027 lnsulae
2118 2989 2221 3027 circa
2256 2993 2552 3042 procurationes

352 3057 540 3107 episcopo
571 3054 737 3093 debitas.
768 3076 816 3081 —
848 3056 942 3094 Sine
972 3071 1085 3096 anno.

741 3124 919 3164 Langebek
947 3126 1086 3169 Scriptt.
1112 3129 1156 3162 V.
1182 3130 1261 3163 270.

613 3183 766 3232 [1070]
823 3185 1000 3238 Emer-n)
1040 3189 1196 3229 abbatis
1234 3193 1271 3229 in
1302 3184 1378 3232 Om
1409 3193 1459 3232 ad
1489 3190 1725 3240 T(ukoncm)
1764 3190 1995 3242 episcopum
2034 3191 2295 3232 Arusiensem
2333 3191 2474 3238 literae,
2515 3191 2552 3229 in

352 3252 495 3306 quibus
524 3255 814 3305 procurationes
844 3257 1065 3307 postulatas
1095 3259 1127 3297 ei
1158 3264 1344 3312 praestare
1373 3266 1543 3302 recusat.
1576 3282 1623 3288 -
1656 3260 1751 3298 Sine
1782 3273 1896 3298 anno·

743 3324 924 3365 Langebek
951 3326 1088 3370 scriptt.
1116 3329 1176 3362 lv.
1205 3329 1374 3363 270-71.
