2649 3686
339 165 436 214 158
1154 153 1307 201 Koxc.
1341 148 1471 196 Eam
1508 143 1762 194 Gmpm-xe..

341 230 2546 260 Γ

158 339 276 378 1279.
346 348 469 387 super
498 333 697 386 sepultura
726 331 820 370 dicti
846 330 964 369 Olavi
992 325 1153 366 Haraldi
1183 322 1456 365 scotationem,
1486 331 1508 355 a
1531 316 1690 356 domino
1707 314 1912 354 Absalone
1934 313 2171 353 Andersson
2193 317 2408 366 peractam,
2436 319 2558 355 ratam

117 408 168 441 ll·
194 407 319 440 Novbr·
352 404 484 444 habet.
512 425 565 432 —-
594 402 637 441 In
667 402 729 440 die
758 401 863 440 beati
891 398 1050 438 Martini
1080 392 1271 447 episcopi.

735 469 922 510 Langebek
947 466 1085 509 Scriptt.
1112 465 1173 496 IX.
1225 485 1233 493 .
1260 459 1343 492 Cod.
1369 459 1506 490 Esrom.
1532 456 1595 488 fol.
1623 453 1823 487 CXXIIIIb.

117 544 149 576 5.
175 541 297 574 Dccbr.
604 531 758 580 [1075]
816 529 1033 568 Nicflomss
1064 522 1326 563 archidiaconi
1356 519 1573 571 Ripensis,
1613 516 1876 555 Cnmswanm
1906 516 2111 568 praepositi
2149 515 2198 555 de
2226 515 2556 569 Warwithsyssel

346 603 590 655 aliorumque
613 602 745 646 literae,
775 599 823 637 de
847 597 1103 636 conventione
1134 593 1235 631 facta
1265 592 1365 629 inter
1394 588 1594 626 dominum
1624 586 1762 625 Marck
1783 585 1929 637 Bondy
1931 599 2026 624 ssen
2051 589 2091 624 et
2114 585 2349 634 Johannem,
2379 587 2559 628 abbatem

346 673 380 712 Ι
385 674 445 712 001
476 673 574 718 Dei,
604 684 724 722 super
753 667 872 707 fundo
903 665 1008 704 dicto
1039 661 1229 714 Cogstath
1261 664 1301 698 et
1329 658 1500 711 quodam
1531 656 1682 708 “Stuff
1705 656 1839 695 ter1·’'ae
1845 684 1854 694 .
1887 677 1935 682 —
1968 654 2010 694 In
2039 656 2220 709 profesto
2252 657 2294 695 S.
2324 656 2494 697 Ν100131

155 762 157 765 ’
737 736 922 777 Langebek
947 733 1084 775 Scriptt.
1109 732 1204 763 VIII
1230 728 1379 761 96-97.

112 809 162 842 13.
199 808 320 840 Deobr.
605 799 758 848 [1276]
817 798 998 835 S‘ricori
1037 792 1216 845 episcopi
1245 788 1531 828 Roskildensis
1569 787 1871 839 transscriptum
1902 790 1942 826 et
1970 756 2212 826 conlirmatio
2250 788 2556 840 privilegiorum,

344 871 499 911 civibus
541 865 826 909 Hasniensibus
869 878 891 903 a
920 864 1037 902 Petro
1081 863 1272 914 episcopo
1302 858 1565 898 Roskildensi
1609 871 1894 897 concessorum
1913 857 2030 905 (vid.
2069 870 2190 909 supra
2229 871 2293 897 no.
2326 858 2480 908 1037).
2510 881 2562 888 —

347 942 531 993 Hafnice,
561 939 648 978 idus
677 937 827 976 mensis
856 932 1104 973 Decembris.

733 1003 873 1037 ResenIi
900 1001 1093 1044 Descriptio
1119 1002 1272 1032 Samsoae
1297 1009 1328 1041 p.
1354 997 1504 1030 36—37.

113 1083 310 1116 1;,1)ecb1·,
607 1066 759 1114 [1277]
818 1065 998 1103 8110011
1042 1062 1222 1114 episcopi
1266 1059 1553 1099 Roskildensis
1595 1059 1737 1106 literae,
1781 1058 1927 1111 quibus
1969 1059 2123 1099 civibus
2166 1058 2456 1098 Hasniensibus
2493 1060 2563 1113 jus

345 1137 606 1190 municipale,
636 1150 657 1175 3
686 1133 835 1174 Jacobo
866 1134 1057 1184 episcopo
1086 1130 1348 1170 Roskildensi
1379 1130 1526 1169 editum
1557 1133 1598 1168 et
1626 1143 1648 1168 a
1677 1128 1817 1176 Petro,
1847 1129 1968 1183 hujus
1999 1143 2238 1177 successore
2273 1129 2563 1177 confirmatum,

345 1209 555 1248 confirmat.
587 1228 635 1234 —
665 1202 977 1256 Kb'pmanlmfn,
1009 1202 1046 1239 in
1078 1202 1250 1239 crastino
1280 1200 1319 1239 b.
1348 1199 1485 1238 Luciae
1515 1200 1693 1251 virginis.

735 1272 875 1306 Rescnii
900 1271 1094 1314 Descriptio
1121 1273 1275 1303 Samsoae
1299 1281 1330 1313 p.
1355 1270 1413 1304 36.
1460 1269 1695 1312 Pontoppidan
1720 1269 1852 1311 Origin.
1878 1270 1982 1303 Hat'n.
2008 1281 2038 1314 p.
2065 1270 2214 1303 49—53.

602 1334 758 1384 [1278]
814 1334 931 1373 Enrcl
961 1333 1067 1384 regis
1099 1332 1241 1379 literae,
1285 1331 1430 1385 quibus
1460 1332 1784 1371 sanctimoniaics
1813 1331 1863 1371 de
1893 1324 1977 1379 06,
2021 1332 2309 1385 Burglanensis
2347 1331 2564 1379 dioecesis,

344 1408 417 1448 sub
449 1421 522 1447 sua
551 1406 714 1459 speciali
744 1403 987 1457 protectione
1016 1403 1178 1455 recipit,
1223 1406 1264 1441 et
1292 1403 1354 1441 eis
1389 1402 1548 1440 “omnia
1576 1401 1681 1440 hona
1714 1403 1888 1455 ipsarum
1918 1402 1967 1441 ab
1998 1404 2103 1441 omni
2133 1403 2402 1456 expeditionis
2431 1416 2563 1454 grava-

342 1481 444 1519 mine
488 1481 527 1517 et
569 1476 813 1529 impetitione
857 1474 1056 1512 exactoria
1098 1472 1324 1525 ceterisque
1369 1471 1556 1511 oneribus
1593 1473 1674 1525 juri
1717 1473 1826 1524 regio
1870 1473 2127 1512 attinentibus
2177 1473 2300 1511 libera
2341 1473 2488 1525 pariter
2524 1476 2564 1512 et

345 1548 550 1600 exe1npta'’
581 1546 759 1589 dimittit,
789 1558 861 1583 nec
890 1557 965 1582 non
992 1544 1053 1581 cis
1083 1542 1266 1581 concedit
1294 1541 1370 1581 “dc
1400 1543 1525 1593 gratia
1556 1542 1742 1594 speciali,
1786 1542 1892 1595 quod
1921 1543 2038 1582 villici
2069 1547 2108 1582 et
2136 1543 2265 1582 coloni
2295 1544 2359 1581 sui
2399 1542 2448 1581 de
2478 1534 2563 1589 ὃὸ,

346 1620 660 1671 quotiescunque
703 1616 802 1654 inter
839 1627 932 1652 sese
977 1615 1257 1659 excesserunt,
1301 1626 1372 1665 pro
1416 1611 1648 1665 hujusmodi
1693 1612 1932 1651 excessibus
1977 1612 2252 1666 spectantibus
2295 1611 2345 1651 ad
2388 1617 2563 1652 nostrum

341 1689 537 1742 judicium
566 1700 669 1725 unus
696 1685 859 1724 alterum
889 1683 1043 1722 trahere
1073 1697 1148 1721 non
1177 1684 1330 1735 possit,
1375 1696 1448 1721 nec
1477 1682 1620 1721 debeat
1649 1683 1687 1721 in
1717 1696 1879 1722 causam
1910 1682 2003 1722 alibi
2043 1697 2159 1736 quam
2189 1685 2227 1722 in
2256 1682 2403 1735 placito
2433 1697 2565 1722 earum

346 1759 504 1811 proprio
536 1757 633 1796 infra
662 1757 790 1808 ipsam
821 1754 973 1806 sylvam
1003 1766 1120 1806 quam
1151 1752 1389 1799 inhabitant,
1419 1753 1526 1791 sicut
1555 1757 1732 1805 tempore
1769 1752 2013 1791 Waldenmri
2050 1754 2158 1805 regis
2195 1753 2243 1792 de
2280 1753 2566 1792 consvetudine

349 1828 590 1873 babuerunt,
634 1826 726 1865 nulli
763 1826 879 1864 etiam
923 1825 1001 1863 nisi
1041 1823 1307 1876 dispensatori
1345 1822 1537 1861 dictarum
1568 1823 1927 1862 sanctimonialium
1956 1837 2026 1876 pro
2067 1822 2298 1876 hujusmodi
2328 1822 2566 1862 excessibus

348 1897 681 1950 respondebunt''.
712 1918 760 1923 —
792 1893 1034 1946 Aleburqis,
1066 1895 1102 1932 in
1133 1893 1211 1932 die.
1243 1922 1362 1932 .....

738 1964 969 2007 Pontoppidan
993 1964 1132 1996 Annall.
1159 1964 1285 1997 eccles.
1311 1964 1401 1996 Dan.
1426 1965 1452 1996 Ι.
1479 1963 1558 1996 751.
1622 1963 1696 1996 Cfr.
1730 1963 1836 1995 Suhm
1870 1964 1916 1996 X.
1948 1963 2121 1996 784—85.
2154 1964 2216 1995 XI.
2249 1963 2305 1996 57.
2355 1963 2563 2007 (Posteriori

738 2027 812 2061 loco
838 2026 1000 2059 Suhmius
1026 2026 1088 2059 has
1113 2026 1237 2059 literas
1263 2026 1306 2059 ad
1333 2036 1410 2058 ann.
1440 2024 1539 2057 1289.
1566 2025 1700 2058 referre
1724 2028 1757 2059 et
1781 2025 1882 2058 Erico
1908 2026 2053 2058 Mem-ed
2077 2024 2150 2067 regi
2176 2025 2325 2058 tribuere
2350 2024 2518 2069 videtur).

94 2166 314 2207 1279-83.
1288 2152 1633 2205 1279-1283.

608 2253 759 2302 [1279]
819 2252 1118 2292 Testamentum
1139 2251 1317 2292 CANUTI
1349 2264 1465 2291 111011
1498 2251 1685 2299 swnnae,
1715 2251 1863 2290 editum
1887 2264 1909 2290 a
1936 2250 2087 2290 Canuto
2112 2251 2291 2303 dyacono
2314 2251 2363 2291 de
2386 2251 2565 2299 Aauitth,

347 2324 540 2364 Nicholao
563 2324 769 2364 sacerdote
792 2323 841 2362 de
860 2323 980 2370 Otaer,
1004 2323 1186 2375 Crystina
1210 2323 1345 2361 relicta
1363 2322 1504 2361 Canuti
1522 2321 1684 2361 Snubbe
1702 2326 1742 2360 et
1759 2321 1939 2360 Mattheo
1959 2322 2037 2359 filio
2056 2321 2252 2374 ejusdem.
2269 2345 2322 2350 —
2338 2322 2434 2361 Sine
2451 2336 2565 2361 anno.

738 2393 927 2435 Langebek
952 2392 1091 2435 Scriptt.
1116 2394 1212 2425 VIII.
1243 2392 1410 2425 159—60.
1426 2410 1470 2416 —
1493 2394 1750 2424 Testamentum
1775 2392 1838 2424 hoc
1862 2395 1940 2435 post
1963 2402 2040 2424 ann.
2070 2391 2169 2433 1283,
2195 2403 2258 2435 quo
2277 2394 2351 2432 jam
2380 2393 2420 2425 de
2443 2392 2566 2436 bonis,
2633 2377 2635 2413 i

737 2466 808 2499 quae
833 2455 1043 2487 monasterio
1068 2454 1151 2487 Loci
1177 2453 1240 2486 Dei
1267 2454 1419 2486 Canutus
1445 2454 1579 2486 Snubbe
1603 2457 1805 2486 testamento
1832 2465 1894 2486 suo
1921 2454 2117 2495 legaverat,
2156 2453 2200 2486 lis
2227 2458 2302 2486 erat
2326 2454 2417 2487 inter
2442 2465 2566 2487 mona-

740 2517 880 2549 sterium
917 2517 1111 2560 praedictum
1152 2520 1183 2548 et
1221 2515 1390 2548 dominum
1427 2515 1621 2548 Johannem
1658 2518 1762 2548 Urnae
1796 2515 2004 2558 (Langebek
2040 2515 2179 2557 ScrIptt.
2217 2516 2314 2548 VIII.
2355 2516 2566 2560 160—62.)‚

741 2579 909 2611 conditum
937 2589 1015 2611 csse
1042 2577 1167 2622 nequit.
1227 2580 1316 2610 Ante
1340 2588 1461 2610 annum
1498 2577 1586 2610 1279
1618 2577 1693 2610 sine
1718 2578 1817 2610 dubio
1843 2588 1909 2609 non
1934 2580 1987 2609 est
2011 2577 2163 2619 factum,
2199 2577 2364 2621 siquidem
2389 2579 2568 2612 Johannes

741 2651 906 2679 Qcommm
934 2641 1037 2673 abbas
1063 2640 1146 2673 Loci
1171 2639 1234 2672 Dei
1260 2639 1458 2672 testamenti
1485 2639 1724 2682 nuncupationi
1751 2639 1906 2671 adfuisse
1930 2638 2052 2671 dicitur
2076 2637 2247 2680 (Langeb.
2280 2639 2303 2672 1.
2330 2650 2358 2672 0.
2391 2652 2423 2683 p.
2452 2640 2566 2684 1590,
2631 2674 2633 2687 ¹

744 2702 797 2745 qui
820 2703 928 2735 adhuc
950 2713 1036 2734 anno
1057 2702 1144 2734 1229
1164 2702 1268 2734 abbas
1289 2705 1361 2734 erat
1376 2701 1455 2734 dicti
1477 2701 1677 2734 monasterii
1695 2700 1904 2743 (naugaard
1925 2701 1988 2732 Om
2009 2701 2049 2732 de
2068 2700 2209 2732 Danske
2231 2701 2372 2734 Klostre
2396 2713 2427 2745 p.
2453 2702 2567 2745 456).
2586 2707 2589 2711 ⁴
2630 2722 2633 2726 ›

745 2765 818 2802 Quo
845 2775 926 2796 vero
953 2775 1040 2796 anno
1068 2766 1222 2796 Canutus
1249 2764 1289 2796 de
1313 2763 1442 2797 Aavith
1475 2763 1599 2807 aliique
1630 2766 1869 2796 testamentum
1904 2761 2089 2803 ediderint,
2123 2761 2288 2795 incertum
2321 2767 2398 2805 est3
2436 2774 2457 2796 a
2488 2774 2566 2797 vero

746 2830 856 2857 autem
882 2826 968 2858 haud
995 2825 1151 2858 absimile
1175 2826 1317 2870 videtur,
1344 2825 1378 2859 id
1404 2836 1433 2860 c.
1459 2836 1536 2858 ann.
1566 2825 1664 2866 1283,
1690 2824 1868 2858 occasione
1889 2823 1961 2856 litis
1981 2828 2305 2867 supramemoratae,
2327 2825 2455 2859 factum
2477 2835 2566 2858 esse.
2630 2829 2631 2838 ¹

171 2962 284 3001 1250.
1387 2955 1533 3004 1280.

108 3046 155 3077 13.
191 3048 331 3080 sanuar.
617 3048 771 3097 [1280]
827 3049 968 3090 Litcrae
998 3051 1234 3101 Tnueows,
1263 3055 1500 3093 Arusiensis
1529 3052 1723 3105 episcopi,
1754 3050 1898 3103 quibus
1922 3050 2108 3098 declarat,
2139 3066 2184 3091 se
2218 3054 2365 3092 curiam
2391 3067 2504 3093 suam
2528 3055 2565 3093 in
2628 3046 2630 3059 ἵ

362 3114 564 3155 Tosthescl
582 3130 724 3156 mensae
741 3122 1012 3160 canonicorum
1031 3123 1308 3163 Arusiensium
1329 3128 1527 3163 scotasse.
1551 3142 1600 3149 ——
1625 3121 1918 3174 Farmatltorp,
1943 3122 1980 3159 in
2005 3125 2141 3160 octava
2165 3121 2385 3175 epiphaniae
2408 3123 2566 3162 domini.

750 3189 933 3229 Langcbck
958 3191 1096 3234 Scriptt.
1121 3194 1184 3225 VI.
1211 3193 1287 3225 411.

136 3250 192 3282 26.
231 3249 328 3282 Febr.
628 3246 781 3296 [1281]
839 3250 1059 3291 S'rrco’rus
1098 3254 1312 3305 episcopus
1341 3252 1652 3293 Roschildensis
1676 3251 1826 3290 civibus
1848 3250 2121 3291 Hasnensibus
2147 3252 2335 3305 indulget,
2363 3257 2420 3301 ut,
2450 3266 2565 3307 quan-

363 3316 567 3367 docunque
596 3319 635 3355 et
664 3318 972 3372 quotiescunque
1003 3322 1115 3373 ipsos
1153 3324 1188 3361 in
1229 3324 1356 3362 insula
1395 3321 1589 3362 Saltholnl
1632 3321 1787 3373 lapides
1829 3321 1879 3360 ad
1922 3307 2069 3361 calcem
2114 3336 2301 3363 exsecare
2340 3323 2564 3375 contigerit,
