2649 3686
132 325 247 364 1021.

140 1871 253 1910 1022.

106 1957 161 1987 23.
188 1955 291 1988 Junii-

321 152 386 201 14
1078 147 1234 196 Koxo
1267 145 1423 194 Kxun
1459 159 1557 192 DEN
1592 142 1776 194 STORE.

326 328 494 377 quatuor
531 324 741 377 primarios
775 321 932 361 forestae
971 318 1228 372 appellandos
1270 316 1518 356 censemus”.
1591 315 1832 364 (Occurrunt
1868 316 2157 370 appellationes
2199 316 2366 356 danicae:
2409 330 2545 368 yoong

322 407 437 441 men,
468 393 712 439 ealderman,
741 391 984 441 halt'ehang).
1015 411 1064 416 —
1097 389 1192 426 Sine
1222 400 1337 425 anno.

718 459 916 504 Spelmanni
952 458 1103 499 glossar.
1143 444 1431 496 archaiologicum
1464 465 1498 498 p.
1535 455 1709 488 240—42.
1769 454 1909 488 Schmid
1947 456 2095 489 Gesetze
2125 456 2186 489 der
2216 456 2479 498 Angelsachsen
2517 456 2544 488 1.

719 521 908 554 171-174.
956 517 1127 562 (Timr-pe]
1148 516 1294 549 Ancient
1314 518 1420 549 Laws
1435 517 1502 550 and
1516 516 1698 550 institutes
1713 517 1753 549 of
1769 517 1928 558 England
1942 517 1995 549 ed.
2017 517 2134 561 hythe
2154 517 2545 551 Record-Commission

721 595 754 626 p.
786 580 952 614 183-84.
1002 580 1077 611 Cfr.
1104 578 1210 610 Suhm
1234 578 1390 611 Historie
1416 579 1457 611 af
1477 579 1627 611 Danmk.
1651 579 1717 612 Ill.
1743 577 1916 610 561—64.

586 646 686 694 [57]
745 644 904 688 Charta,
935 654 1011 694 qua
1035 639 1240 687 “Kxu'rn,
1270 654 1337 679 rex
1367 641 1594 692 Angligenae
1623 640 1820 679 nationis”
1853 640 1969 679 villas
2002 644 2103 680 tres:
2133 640 2333 692 Horning,
2362 639 2545 679 Ludham

326 723 365 757 et
393 714 651 757 Netheshirth
682 727 768 752 cum
798 711 1048 764 pertinentiis
1075 709 1125 748 ad
1153 711 1439 749 monasterium
1463 710 1718 758 (Hulmense)
1749 709 1990 749 fundandum
2017 710 2190 750 dedicat.
2246 710 2393 750 Praeter
2417 724 2548 762 regem

327 787 647 839 subscripserunt
684 781 844 834 “Elgifu
872 781 1007 831 regina
1046 802 1095 807 —
1133 779 1207 819 Ulf
1241 779 1319 818 dux
1350 803 1399 808 —
1440 785 1481 820 et
1509 780 1651 819 Haeun
1689 779 1808 818 dux''.
1881 780 2039 830 (Exscr.
2079 780 2307 821 Thorkelini
2347 780 2551 820 enumerat

327 861 532 909 praeterea:
576 854 664 893 Huc
695 853 790 898 (lux,
819 849 941 901 Eglaf
966 849 1075 900 dux).
1106 871 1156 876 —
1188 849 1286 888 Sine
1317 864 1434 889 anno.

720 920 934 954 Monasticon
957 918 1140 961 Anglican.
1167 919 1194 952 Ι.
1219 918 1299 951 283.
1348 920 1569 963 Exscriptum
1590 918 1791 953 'l'horkelini
1811 919 1844 952 in
1858 919 2097 962 diplomatario
2111 921 2393 963 Langebekiano,
2419 920 2550 965 (1035)

717 994 756 1015 ex
781 983 854 1015 cod.
881 981 1021 1013 membr.
1049 991 1119 1013 sec.
1145 981 1245 1014 le.
1270 981 1482 1015 bibliothecae
1509 983 1647 1015 Cotton.
1673 981 1810 1023 signato
1837 982 1952 1014 Galba
1983 982 2025 1014 E.
2059 983 2107 1016 11.
2140 982 2333 1015 continente
2365 983 2551 1024 registrum

716 1043 914 1076 monasterii
940 1045 977 1076 S.
1003 1042 1176 1075 Benedicti
1209 1043 1250 1075 de
1282 1043 1426 1086 Huln103
1464 1045 1529 1077 cfr.
1559 1043 1720 1086 Wanley
1744 1042 1900 1075 biblioth.
1926 1043 2115 1086 Anglosax.
2141 1044 2175 1077 in
2200 1044 2356 1077 Hickesii
2382 1045 2551 1078 Thesaur.

715 1106 761 1139 11.
787 1105 869 1137 234.
896 1123 943 1129 —
968 1105 1043 1138 cfr.
1070 1105 1177 1137 Sulnn
1204 1104 1358 1137 Histoi-ie
1383 1106 1423 1137 af
1443 1106 1594 1138 Danmk.
1619 1106 1681 1139 111.
1708 1105 1788 1138 542.

586 1167 686 1216 [58]
745 1166 914 1213 “CNUT,
953 1180 1021 1212 res
1049 1166 1289 1218 Anglorum‚
1328 1166 1417 1206 Deo
1448 1168 1605 1207 favente
1635 1171 1675 1206 et
1702 1165 1848 1206 Elffino
1878 1166 2022 1207 abbate
2052 1166 2316 1221 deprecante”
2345 1167 2552 1221 privilegia

326 1239 504 1280 coenobii
534 1237 865 1288 petroburgensis
896 1238 933 1275 in
963 1250 1057 1288 agro
1086 1235 1484 1289 Northamptoniensi
1515 1238 1731 1277 confirmat.
1762 1241 1812 1264 —ss—
1845 1237 1942 1277 Sine
1971 1251 2088 1276 anno.

717 1306 935 1339 Monasticon
959 1306 1187 1348 Anglicanum
1215 1307 1241 1340 1.
1267 1307 1326 1340 68.
1377 1308 1453 1340 Cfr.
1480 1308 1587 1341 Suhm
1613 1308 1706 1340 Hist.
1731 1308 1775 1339 af
1795 1308 1947 1341 Danmk.
1974 1308 2041 1341 111.
2065 1307 2148 1340 542.

584 1368 685 1417 [59]
742 1368 861 1420 Kong
896 1368 1048 1408 Kxuns
1087 1368 1194 1407 Brev
1231 1369 1275 1407 til
1313 1368 1468 1424 Biskop
1498 1369 1675 1422 Eadsig,
1718 1368 1863 1408 Abhed
1897 1370 2072 1409 AElfstan
2109 1384 2161 1422 og
2188 1369 2363 1422 AEgelrIc
2394 1385 2445 1424 og
2474 1371 2550 1411 alle

328 1441 608 1482 Undersaatter
637 1440 648 1477 i
678 1438 805 1486 Kent,
835 1438 1064 1491 angaaende
1094 1453 1142 1478 en
1171 1438 1371 1491 Erkebisp
1400 1438 1617 1479 AEthelnod
1646 1439 1691 1478 af
1713 1439 1883 1491 Kongen
1913 1440 2091 1479 tilstaaet
2118 1440 2431 1493 Begunstigelse
2460 1442 2553 1481 med

325 1511 488 1564 Hensyn
531 1524 606 1563 paa
640 1508 916 1563 Erkebispens
959 1509 1055 1548 eller
1093 1508 1391 1550 Christkirkens
1435 1510 1463 1558 (i
1501 1509 1763 1564 Canterbury)
1799 1509 2163 1550 Jordeiendomme.
2209 1533 2258 1538 —
2303 1511 2420 1551 Uden
2456 1513 2552 1552 Aar.
2584 1538 2588 1543 ·

2232 1581 2551 1633 (Angelsaxisk).

716 1647 848 1681 Hickes
876 1650 1067 1682 Grammat.
1093 1648 1329 1691 Anglosaxon.
1367 1648 1560 1693 (Thesaur.
1594 1649 1645 1693 Ι.)
1672 1662 1702 1694 p.
1733 1649 1809 1683 163.
1868 1650 2059 1684 Afskrevet
2095 1651 2136 1683 af
2167 1651 2356 1684 Thorkelin
2397 1653 2485 1687 efter
2520 1657 2556 1686 et-

718 1711 950 1743 Haandskrift
973 1710 1112 1755 (Tiber.
1138 1713 1177 1744 B.
1203 1712 1264 1745 lv.
1291 1711 1346 1755 2.)
1371 1711 1382 1744 i
1407 1712 1463 1743 det
1488 1712 1680 1746 Cottonske
1705 1712 1916 1746 Bibliothek.
1941 1731 1987 1738 —-
2010 1713 2081 1746 Jfr.
2101 1712 2206 1748 Suhm
2229 1713 2321 1747 Hist.
2344 1715 2386 1747 af
2402 1715 2551 1748 Danmk.

714 1773 780 1806 111.
806 1773 886 1805 542.

1366 1854 1511 1905 1022.

588 1950 691 2000 [ὅθ]
751 1949 916 1997 Charta,
960 1964 1037 2004 qua
1063 1950 1297 1991 “Curuus
1336 1967 1404 1992 rex
1442 1953 1567 1992 totius
1604 1954 1736 2005 gentis
1769 1952 2002 2005 Angligenae
2039 1953 2209 2007 ejusque
2246 1968 2380 1996 amore
2416 1971 2555 2010 provo-

329 2025 461 2068 catus,
492 2026 532 2061 et
560 2021 743 2061 venerab.
775 2021 979 2060 orientalis
1009 2022 1192 2074 episcopi
1221 2021 1387 2061 Alfwini
1417 2026 1456 2062 et
1485 2023 1643 2062 abbatis
1671 2023 1847 2063 Leofrici
1871 2025 2103 2063 monasterii
2126 2023 2307 2065 Eliensis
2331 2031 2372 2065 et
2395 2027 2555 2068 fratrum

331 2092 541 2131 eorundem
577 2091 839 2145 petitionibus
876 2092 1112 2139 incitatus”‚
1151 2106 1222 2145 pro
1253 2094 1392 2132 animae
1423 2107 1505 2132 suae
1535 2093 1710 2133 remedio
1740 2093 1928 2146 praedicto
1959 2093 2094 2132 abbati
2120 2093 2307 2135 Leosrico
2347 2101 2388 2136 et
2423 2112 2556 2138 mona-

333 2164 455 2201 sterio
484 2162 640 2201 Eliensi
671 2162 801 2201 villani
832 2161 970 2200 Dittun
1000 2176 1070 2214 pro
1100 2162 1193 2200 villa
1223 2163 1374 2201 silvosa
1405 2163 1536 2203 Chesse
1567 2167 1795 2202 commutat.
1861 2163 2215 2216 Subscripserunt,
2244 2171 2386 2218 praeter
2410 2183 2557 2221 regern,

330 2233 394 2285 qui
426 2232 480 2271 ibi
509 2235 672 2271 vocatur
709 2232 915 2271 “basileus
946 2233 1071 2270 totius
1107 2218 1295 2271 Albionis
1331 2234 1511 2285 gentis⁹⁷2
1570 2234 1749 2286 “Alfgifa
1788 2234 1972 2286 regina”,
2017 2233 2302 2276 “Gerhrandus
2339 2237 2557 2291 Roskyldae

329 2302 522 2354 parochia]
551 2303 754 2341 Danorum
784 2303 915 2354 gentis
947 2324 996 2329 —
1036 2301 1133 2340 Yric
1160 2316 1316 2347 comes,
1356 2302 1479 2355 Eglaf
1503 2317 1660 2350 comcS,
1706 2304 1902 2343 Godwine
1939 2318 2077 2344 comes
2121 2328 2170 2333 ——
2216 2305 2444 2347 Durstanus
2482 2324 2556 2356 m.‚

330 2373 492 2411 Drunnn
535 2373 690 2412 miles''.
734 2394 783 2400 -
829 2371 968 2411 indict.
998 2372 1048 2410 V.
1079 2376 1207 2425 epact.
1246 2372 1347 2420 XV,
1391 2373 1717 2413 concurrentibus
1752 2373 1850 2421 Vll,
1893 2373 1958 2412 die
1988 2373 2223 2415 festivitatis
2253 2377 2409 2417 Sanctae
2439 2378 2557 2421 Edel-

333 2442 460 2482 ‹lredae
489 2445 631 2496 reginae
661 2447 701 2482 et
728 2443 906 2493 virginis.

725 2512 883 2544 Historia
919 2512 1072 2545 Elicnsis
1109 2522 1163 2555 ap.
1207 2512 1313 2555 Gale,
1353 2512 1546 2556 Scriptores
1585 2514 1677 2547 Hist.
1714 2514 1799 2547 Brit.
1838 2514 1867 2547 1.
1902 2513 1982 2546 503.
2022 2524 2094 2547 cum
2129 2516 2442 2560 subscriptionibus
2479 2520 2559 2556 ibid.

725 2585 759 2617 p.
783 2574 957 2606 522—23.
1019 2578 1161 2606 stevens
1190 2573 1334 2618 Histoi-y
1359 2575 1398 2607 of
1426 2576 1658 2609 Monasteries
1695 2578 1741 2610 11.
1766 2576 1920 2619 Append.
1953 2587 1985 2619 p.
2017 2576 2168 2610 97—98.
2231 2579 2308 2612 Cfr.
2334 2581 2441 2614 suhm
2469 2582 2559 2615 Hist.

727 2636 766 2668 af
788 2637 936 2668 Danmk.
965 2636 1026 2668 lll.
1053 2636 1133 2668 573.
1159 2636 1331 2669 528—29.

597 2697 694 2744 [61].
750 2697 887 2736 Edrici
926 2697 1085 2736 abbatis
1123 2698 1160 2735 in
1198 2697 1487 2738 Ealdamhame
1524 2698 1906 2751 ,‚chir0graphun1”‚
1951 2712 2028 2752 quo
2067 2700 2251 2740 “cuidam
2291 2703 2560 2745 Starmarcoto

340 2770 479 2803 terram
509 2765 556 2804 de
585 2766 808 2819 Hegberleo
838 2772 878 2806 et
908 2767 956 2806 de
985 2767 1248 2819 Becgwirde”
1288 2767 1337 2806 de
1367 2767 1542 2807 dominio
1573 2769 1780 2815 ecclesiae,
1824 2769 1984 2821 “quoad
2014 2771 2182 2809 vixerit''
2212 2771 2561 2827 (Starmarcotus)‚

343 2833 477 2879 tradit,
508 2836 560 2873 ita
588 2840 631 2874 ut
660 2841 761 2876 terra
791 2839 845 2876 sit
873 2837 996 2879 libera
1026 2841 1066 2875 et
1093 2841 1188 2890 post
1211 2842 1376 2876 mortem
1403 2840 1492 2891 ejus
1514 2840 1757 2879 monasterio
1780 2838 1977 2877 reddatur.
2035 2839 2131 2879 Haec
2148 2844 2362 2881 transactio
2393 2848 2561 2897 “magna

345 2904 611 2943 necessitate”
649 2906 751 2945 sacta
790 2921 884 2946 esse
923 2907 1086 2953 dicitur,
1131 2909 1313 2946 nimirum
1351 2912 1450 2961 “pro
1487 2909 1566 2948 XV
1601 2908 1734 2954 libris,
1780 2908 1925 2961 quibus
1961 2909 2110 2950 redemi
2150 2913 2280 2951 omnia
2309 2913 2386 2952 alia
2415 2916 2561 2966 praedia

345 2975 571 3011 monasterii
602 2974 649 3013 ab
680 2976 744 3014 illa
773 2991 913 3028 magna
943 2977 1145 3028 heregoldi
1176 2979 1406 3025 exactione,
1452 2992 1535 3032 quae
1564 2992 1634 3031 per
1664 2982 1786 3016 totam
1815 2979 2001 3031 Angliam
2029 2981 2141 3020 suit”.
2213 2981 2349 3022 Testis
2379 2983 2560 3024 adfuisse

346 3040 487 3079 «licitur
517 3043 616 3081 inter
644 3045 743 3084 alios
772 3046 991 3085 “Wihisidi
1022 3048 1091 3095 (z
1120 3047 1302 3099 Veseti?)
1332 3048 1567 3101 praefectus‚
1597 3051 1637 3087 et
1666 3051 1748 3087 tota
1778 3050 1921 3089 civitas
1951 3051 2233 3098 Gloucestriae,
2263 3052 2401 3104 AEglas
2424 3068 2560 3095 comes

346 3116 385 3148 et
423 3110 533 3149 multi
573 3113 637 3150 alii
669 3118 746 3153 tam
784 3116 900 3167 Angli
943 3130 1058 3170 quam
1094 3117 1253 3158 DAN1''.
1299 3141 1348 3146 —
1395 3119 1537 3158 “Anno
1581 3117 1630 3157 ab
1670 3119 1937 3161 incarnatione
1974 3120 2136 3167 Domini
2171 3123 2327 3163 circiter
2364 3123 2560 3173 MXXII.,

345 3188 522 3234 tempore
551 3180 691 3220 Chnuti
721 3186 864 3235 regis''.

739 3254 952 3289 Monasticon
980 3256 1208 3299 Anglicanum
1235 3257 1263 3291 1.
1293 3257 1369 3295 110.
