2649 3686
843 156 997 206 Koxe
1030 157 1161 207 Eun<
1198 119 1452 210 Gmppma.
2162 159 2258 210 149

301 326 459 377 [1199]
515 326 643 371 Enim
673 331 779 385 regis
809 323 952 378 merie,
983 332 1129 386 quibus
1158 333 1375 385 significat,
1413 331 1634 383 Stigotum,
1671 329 1992 369 archidiaconum
2020 330 2258 370 Roskildcn-

38 411 124 440 sem
153 401 195 438 et
221 399 478 451 praepositum
508 398 871 448 Randrusicnsem,
918 402 955 441 in
992 404 1203 456 praescntia
1243 403 1374 456 ipsius
1411 403 1518 453 regis
1547 400 1828 447 constitutum,
1872 400 1973 439 duas
2010 401 2141 439 curias
2170 415 2258 440 cum

37 468 223 510 omnibus
251 467 513 508 attinentibus
541 482 690 508 mcnsae
720 472 996 511 canonicorum
1025 469 1314 512 Arusiensiuni
1338 474 1375 511 in
1412 485 1555 511 manus
1583 470 1692 510 Petri
1727 468 1994 509 archidiaconi
2022 470 2260 511 Arusiensis

37 542 222 579 scotasse
251 542 291 578 et
319 537 508 585 dedisse,
538 552 586 578 ea
616 542 745 578 tamen
776 541 1015 590 conditione,
1045 546 1088 582 ut
1115 557 1186 597 per
1215 543 1330 596 ipsos
1359 543 1574 582 canonicos
1599 542 1637 580 in
1662 540 1930 579 anniversario
1955 540 2086 593 ipsius
2109 542 2258 594 Stigoti

37 609 162 650 missa
190 609 408 648 animarum
438 608 656 647 solenniter
685 608 958 650 celebraretur.
989 634 1039 641 —
1067 611 1222 662 Amalc,
1252 612 1407 652 decimo
1437 611 1589 652 calend.
1617 610 1806 663 Augusti.

429 678 616 721 Langebek
642 679 779 722 Scriptt.
804 681 867 713 VI.
891 682 973 715 397.

297 739 454 790 [1200]
511 739 698 780 Jaconus
729 742 832 782 filius
860 743 1037 791 Nicolai,
1067 745 1228 784 comitis
1256 743 1498 791 Hanandiae,
1528 743 1779 782 donationem
1809 740 2001 781 bonorum
2032 743 2070 781 in
2100 741 2260 782 Skallae-

19 809 124 851 «ruth
159 811 401 850 monasterio
430 809 666 850 Esromensi
703 825 774 864 per
810 812 1060 853 domicellum
1098 813 1304 853 Nicolaum
1347 815 1423 867 piae
1466 814 1687 860 memoriae,
1730 812 1889 851 fratrem
1931 812 2044 865 ejus,
2088 812 2257 859 saetam,

37 883 158 920 ratam
187 879 310 920 hahet
337 883 378 920 et
405 881 620 919 confirmat.
651 904 700 909 —
732 882 917 935 Haffne's,
950 887 1087 937 quarto
1119 898 1244 923 nonas
1271 885 1461 936 Augusti.

428 951 617 993 Langebek
644 952 781 995 Scriptt.
808 954 870 986 lx.
919 977 928 986 .
955 954 1039 987 Cod.
1061 955 1195 988 Esrom.
1222 953 1282 986 fol.
1310 952 1422 987 cvlb.

297 1011 455 1061 [1201]
511 1011 639 1053 Erum
677 1016 782 1066 regis
820 1015 961 1062 literae,
1012 1015 1157 1068 quibus
1186 1017 1427 1056 monasterio
1455 1015 1692 1055 Esromcnsi
1721 1010 1988 1054 molendinum
2018 1015 2126 1054 Sotae
2155 1028 2259 1054 com-

33 1081 223 1123 mutando
253 1082 455 1130 concedit,
485 1096 557 1135 pro
587 1081 706 1122 bonis
737 1085 967 1124 monasterii
999 1086 1035 1123 in
1065 1085 1396 1126 witherloslitlae.
1422 1109 1471 1114 —
1507 1085 1735 1138 Sioburgsle,
1766 1085 1840 1127 cal.
1869 1084 2016 1124 Novbr.
2049 1089 2203 1138 quarto.

429 1151 536 1185 Suhm
560 1151 652 1186 nist.
677 1154 718 1186 af
736 1155 882 1187 Danmk.
908 1156 953 1188 X.
983 1154 1218 1188 1001—1003.
1266 1157 1452 1198 Langebek
1473 1155 1613 1199 Seriptt.
1639 1156 1701 1189 lx.
1751 1179 1760 1189 .
1786 1156 1869 1189 Cod.
1895 1156 1974 1188 Esr.
1990 1155 2051 1188 fol.
2073 1153 2258 1189 LXXle.

296 1213 454 1263 [1202]
497 1213 616 1253 2Acta
653 1216 814 1269 capituli
852 1217 1047 1268 generalis
1091 1217 1242 1257 ordinis
1278 1217 1605 1257 Praedicatorum:
1663 1216 1785 1268 §⁴13.
1829 1217 2124 1257 “Concedimus
2163 1216 2257 1257 Pro-

34 1284 168 1324 vinciae
196 1298 314 1324 unam
344 1284 525 1332 domum,
567 1286 778 1337 provinciae
810 1285 1010 1326 Teutoniae
1041 1301 1178 1334 unam,
1222 1287 1405 1340 Ungariae
1441 1301 1579 1334 unam,
1623 1286 1769 1327 Dacia?
1803 1301 1942 1334 unam,
1988 1291 2028 1326 et
2062 1292 2258 1340 ponantur

35 1355 101 1395 ubi
135 1355 335 1409 prioribus
371 1354 683 1409 provincialibus
719 1359 760 1394 et
797 1355 1068 1397 definitoribus
1105 1358 1367 1410 capitulorum
1403 1357 1705 1410 provincialium
1741 1359 1870 1397 visum
1900 1358 2018 1403 suerit
2055 1357 2255 1410 expedire,

33 1425 470 1481 dun1n1od022p0nantur
499 1427 587 1465 sine
616 1425 845 1478 praejudicio
875 1426 1038 1466 aliarum
1067 1428 1393 1480 provinciarum''.
1424 1450 1473 1455 —
1504 1428 1633 1481 Apud
1658 1427 2151 1468 Montmn-Pessalanum.

426 1497 582 1539 Martene
595 1499 627 1529 et
640 1496 779 1530 Durand
794 1496 960 1531 Thesaur.
982 1508 1058 1530 nov.
1072 1498 1235 1531 Anccdot.
1257 1499 1353 1531 Tom.
1375 1499 1437 1532 IV.
1463 1497 1562 1530 1760.
1584 1497 1649 1531 cfr.
1674 1508 1728 1531 an.
1750 1496 1849 1530 1283.
1872 1495 1897 1538 S
1923 1498 1975 1530 13.
1996 1497 2077 1530 ibid.
2099 1509 2132 1541 p.
2158 1497 2254 1530 1811.

293 1689 450 1739 [1203.]
507 1689 637 1730 Erucl
667 1690 868 1729 Danorum
898 1687 1182 1741 Slavorumque
1211 1690 1319 1742 regis
1349 1688 1537 1741 obligatio
1567 1688 1617 1728 ad
1646 1692 1728 1743 tres
1758 1690 1869 1729 cives
1897 1688 2148 1729 Lubicenses
2175 1703 2248 1743 pro

31 1756 188 1799 duobus
216 1759 394 1800 millibus
430 1774 648 1800 marcarum
688 1760 839 1812 argenti
875 1759 982 1810 puri,
1025 1762 1163 1797 mutuo
1201 1761 1403 1812 acceptis,
1447 1760 1546 1798 intra
1591 1763 1742 1809 certum
1778 1760 1988 1798 terminum
2027 1760 2254 1815 solvendis3

31 1844 100 1885 pro
131 1830 330 1870 solutione
359 1845 452 1871 vero
482 1832 639 1884 triginta
669 1830 820 1869 milites
849 1827 972 1867 vades
1002 1842 1047 1867 se
1081 1830 1358 1881 praestiterant.
1434 1828 1775 1882 [Transscriptum
1806 1830 1966 1882 capituli
2001 1829 2255 1869 Lubecensis

31 1905 71 1941 et
99 1906 318 1942 conventus
347 1900 655 1941 Praedieatorum
685 1900 861 1939 civitatis
890 1898 1091 1951 ejusdem,
1135 1898 1240 1952 quod
1276 1900 1417 1937 iterum
1456 1900 1762 1951 transscripturi]
1800 1903 1865 1939 est
1899 1913 1923 1939 a
1951 1899 2132 1939 Johaune
2171 1901 2253 1953 epi-

31 1985 157 2026 scopo
187 1971 418 2012 Lubecensi
449 1975 489 2011 et
517 1970 753 2011 consulibus
782 1968 963 2022 ejusdem
994 1969 1201 2017 civitatis}
1232 1990 1281 1996 —
1313 1968 1531 2022 Nubere-le,
1561 1982 1700 2008 mense
1728 1968 1853 2022 Majo.

426 2042 602 2076 Sar-torius
629 2040 754 2074 Gesch.
783 2039 816 2072 d.
841 2041 959 2071 Hanse
984 2038 1036 2071 ed.
1060 2039 1295 2082 Lappenberg.
1320 2039 1364 2071 11.
1391 2049 1446 2071 no.
1471 2040 1626 2071 XXXV.
1651 2049 1682 2082 p.
1711 2038 1903 2072 104—105.

292 2103 449 2154 [1204]
506 2103 787 2143 Vadimonium
832 2112 1041 2139 'rmorer
1080 2113 1261 2140 mim'ruu
1303 2100 1521 2140 DANoRmu
1566 2099 1742 2152 (Nicolai
1784 2101 1959 2152 praefecti
1999 2100 2249 2149 Lundensis,

29 2173 185 2216 Nicolai
212 2175 323 2223 Hak,
354 2175 551 2229 quondam
582 2172 839 2218 marschalci,
868 2168 1063 2209 Johannis
1091 2169 1206 2217 Kalf,
1244 2169 1440 2223 quondam
1470 2169 1727 2216 marschalci,
1763 2169 1924 2210 Uffonis
1955 2170 2121 2223 dapiferi
2152 2169 2249 2224 etc.)

31 2246 80 2286 de
108 2246 307 2286 solutione
337 2246 505 2285 duorum
534 2245 700 2283 millium
730 2253 946 2282 marcarum
976 2241 1125 2292 argenti
1162 2241 1269 2292 puri,
1312 2253 1412 2293 quas
1440 2254 1508 2278 rex
1537 2239 1674 2279 Dauiae
1705 2239 1849 2279 Ericus
1879 2254 1902 2279 a
1939 2240 2065 2280 tribus
2095 2242 2249 2281 civibus

30 2315 336 2356 Luhecensibus
366 2318 632 2362 mutuaverat,
679 2328 765 2366 quae
797 2313 831 2351 si
862 2313 968 2350 certo
998 2311 1164 2349 termino
1197 2324 1273 2348 non
1304 2310 1442 2349 solutae
1473 2313 1633 2356 essent,
1670 2311 1924 2362 promittunt,
1962 2324 2007 2349 se
2036 2311 2137 2349 ultro
2166 2311 2247 2350 Ro-

31 2387 159 2427 stocki
185 2386 247 2426 vel
269 2374 477 2425 Vismariae
507 2386 545 2424 in
576 2384 800 2424 custodiam
826 2383 951 2421 ituros
976 2393 1082 2419 esse.
1142 2378 1477 2432 [Transscriptum
1502 2379 1698 2418 Johannis
1723 2381 1903 2431 episcopi
1927 2379 2179 2419 Lubecensis
2210 2385 2249 2419 et

30 2456 235 2496 consulum
279 2455 461 2510 ejusdem
505 2456 702 2502 civitatis,
747 2468 795 2493 ex
838 2452 1096 2504 transscripto
1133 2451 1293 2502 capituli
1328 2449 1581 2489 Lubecensis
1617 2453 1657 2488 et
1694 2452 1912 2489 contentus
1941 2449 2248 2489 Praedicatorum

31 2526 209 2578 ibidem}
237 2550 292 2556 —
319 2525 537 2581 Nyborcle,
568 2525 631 2564 die
661 2538 696 2563 s.
726 2524 868 2563 crucis.

423 2594 599 2629 sartorius
626 2594 752 2628 Gesch.
781 2594 811 2626 d.
836 2594 951 2625 Hanse
976 2591 1026 2623 cd.
1052 2590 1285 2633 Lappenberg.
1310 2590 1354 2622 II.
1380 2599 1434 2622 no,
1458 2590 1608 2622 XXXV.
1635 2600 1667 2632 p.
1696 2588 1772 2621 105.

291 2658 448 2707 [1205.]
505 2657 669 2697 Escfflu
710 2654 889 2709 episcopi
926 2653 1122 2705 Ripensis
1162 2656 1443 2690 transsumtum
1484 2651 1681 2689 literarum
1719 2649 1862 2690 Abelis
1897 2653 2024 2704 regis,
2067 2652 2148 2692 dat.
2185 2667 2249 2693 an.

30 2727 227 2770 MCCLII.
257 2742 384 2769 nonas
412 2728 565 2781 Aprilis
594 2727 690 2777 (vid.
721 2739 840 2779 supra
871 2740 932 2764 no.
962 2721 1090 2777 922.)
1121 2745 1170 2751 —
1201 2721 1313 2761 Xlll.
1344 2721 1495 2760 calend.
1523 2720 1646 2759 Junii.

422 2798 613 2839 Langebek
638 2796 777 2840 Scriptt.
802 2797 898 2829 vul.
928 2795 1003 2828 126.

292 2859 450 2909 [1206.]
507 2859 851 2905 ΜΑιιοΑΒΒΤΗΕ,
896 2857 958 2896 dei
990 2856 1114 2908 gratia
1145 2853 1345 2893 Danorum
1377 2851 1689 2904 Sclavorumque
1718 2853 1882 2904 rcginm,
1918 2853 2058 2900 literae,
2099 2853 2246 2906 quibus

29 2931 269 2970 monasterio
295 2930 654 2970 sanctimonialium
678 2929 715 2968 in
739 2929 900 2967 civitate
925 2924 1120 2970 Rostock,
1149 2923 1198 2962 ab
1228 2923 1318 2975 ipsa
1347 2921 1523 2967 fundato,
1553 2921 1683 2960 villam
1714 2921 1932 2969 Smerdele,
1964 2921 2038 2962 sub
2069 2922 2244 2964 dominio

29 2999 272 3040 Waldemari
302 3001 352 3041 de
381 3000 566 3040 Rostock
595 3000 734 3045 sitam,
764 2998 927 3037 confert.
966 3018 1007 3024 —
1036 2992 1330 3047 Ngslsopz‘nqmz,
1360 2993 1464 3041 (sine
1494 2990 1590 3039 die).

422 3070 654 3113 Westplialen
679 3071 830 3102 Monum.
856 3066 944 3099 ined.
969 3066 1031 3098 IV.
1055 3062 1227 3096 9-12—41.
1276 3062 1349 3093 Ct'r.
1376 3060 1481 3093 Suhm
1508 3060 1598 3093 nist.
1625 3061 1668 3094 af
1686 3061 1833 3094 Danmk.
1858 3062 1904 3094 X.
1929 3061 2010 3096 671.

290 3131 447 3181 [1207]
504 3131 673 3177 Literae‚
718 3129 862 3183 quibus
892 3127 1052 3167 Enicus
1084 3124 1173 3174 (leg.
1211 3121 1426 3170 Escanus)
1471 3123 1687 3175 episcopus
1723 3123 1920 3176 Ripensis
1957 3128 2091 3163 notum
2129 3124 2245 3172 facit,

31 3201 135 3254 quod
177 3194 388 3255 “Eryoehy
428 3201 678 3241 Eschelssen
723 3200 897 3239 scotavit
932 3196 1103 3236 claustro
1132 3192 1285 3244 Lfigum
1322 3195 1453 3244 prata,
1496 3191 1684 3232 videlicet
1727 3206 1798 3233 sex
1841 3194 1995 3234 Astatloe
2033 3195 2070 3233 in
2100 3193 2245 3235 Heste-

30 3269 135 3311 holm
164 3271 446 3324 possidenda''.
478 3292 527 3298 —
558 3271 742 3323 Laqum,
773 3270 810 3307 in
841 3268 1014 3307 crastino
1045 3266 1189 3304 sancta:
1220 3261 1421 3301 trinitatis.

421 3339 611 3382 Langebek
638 3339 775 3383 Scriptt.
800 3339 896 3372 vlu.
921 3337 1000 3370 218.

2332 330 2447 371 1271.

2295 398 2351 432 23.
2385 401 2482 434 Julii.

2287 744 2320 777 2.
2347 746 2505 788 Augusti.

2274 1022 2340 1081 ¹29.
2379 1024 2494 1058 Octbt.

2324 1614 2444 1654 1272.

2328 1697 2436 1736 Majo.

2302 2110 2335 2143 3.
2362 2111 2460 2152 Maji.

2287 2664 2342 2698 20.
2376 2666 2471 2706 Maji.

2290 2857 2322 2891 2.
2348 2858 2457 2892 Junii.

2283 3125 2338 3160 20.
2365 3126 2470 3159 Junii.
