2649 3686
114 335 232 375 1032.

50 2272 76 2293 ι’.
90 2261 142 2293 30.
156 2261 279 2295 Novbr·

128 3030 244 3070 1033.

95 3115 146 3146 1⁰.
172 3113 276 3147 Junii.

301 162 366 213 18
1053 152 1210 200 Koxo
1242 148 1397 196 KNUD
1434 161 1532 194 DEN
1568 144 1752 195 S'ronss.

299 233 2522 259 Μ

568 427 668 476 [78.]
700 424 864 469 Charta,
897 434 973 474 qua
1003 419 1168 465 “an‘r,
1212 416 1367 455 “totius
1396 413 1584 453 Albionis
1617 413 1843 462 basileus”‚
1887 414 2053 454 duorum
2087 414 2332 453 manentium
2371 415 2523 467 quanti·

305 490 425 541 tatem
456 501 493 539 in
522 496 707 542 Liusord,
750 491 1053 546 “quoddamque
1082 485 1407 526 monasteriolum
1444 484 1483 523 in
1521 483 1671 523 honore
1708 486 1835 524 sancti
1871 484 2031 524 Martini
2060 484 2222 537 populis
2248 488 2524 524 consecratum

305 585 392 610 cum
419 568 613 622 adjacenti
632 562 809 617 prediolo
839 562 876 599 in
906 559 1013 605 urbe,
1045 570 1122 610 que
1151 556 1308 595 famoso
1338 555 1495 593 nomine
1525 553 1755 593 Oxanasord
1782 558 2051 607 nuncupatur,
2080 554 2240 593 domino
2266 558 2402 593 nostro
2424 554 2526 593 Jesu

306 641 465 680 Christo
504 639 670 690 ejusque
713 631 891 683 genitrici
937 640 1173 680 semperque
1217 626 1355 677 virgini
1398 623 1535 664 Mariae
1578 623 1628 663 ad
1664 638 1766 664 usus
1801 624 2084 664 monachorum
2121 625 2230 671 loco,
2273 625 2340 677 qui
2377 623 2524 664 celebri

309 708 526 750 Abbandun
555 705 749 743 vocitatur
776 703 971 745 onomate,
1001 702 1136 737 eterna
1165 696 1332 748 largitus
1362 708 1451 734 sum
1480 693 1725 733 hereditate”
1729 725 1741 742 ,
1770 695 1904 734 addita
1929 696 2175 734 immunitate
2197 694 2246 733 ab
2271 694 2525 746 expeditione

306 779 454 824 hostili,
485 774 710 815 fundatione
740 770 843 808 arcis
871 769 1001 820 regiae,
1030 768 1246 820 pontisque
1275 765 1578 804 restauratione.
1635 763 1783 804 Praeter
1810 779 1944 817 regem
1974 765 2320 817 subscripserunt:
2350 765 2527 817 AElsgyf·r

307 850 438 894 “regis
467 842 709 891 conlatera⁷’,
740 839 912 878 Siuuard
940 839 1139 884 minister,
1168 834 1319 875 Harold
1347 836 1547 882 minister,
1591 834 1704 886 Tofig
1730 836 1932 882 minister,
1972 835 2115 887 Osgod
2142 835 2342 882 minister,
2383 832 2527 887 12uryd

308 892 507 963 minister,
536 915 646 966 Tofig
673 913 802 962 (alter)
831 910 1030 955 minister,
1059 906 1157 946 Karl
1185 906 1387 952 minister,
1412 902 1569 957 'Durkyl
1598 906 1791 944 minister.
1823 927 1873 932 -—
1903 904 2122 944 Indictione
2154 905 2245 944 XV.

695 980 880 1023 Exscripta.
912 977 1019 1022 (duo)
1046 975 1248 1010 Thorkelini
1273 975 1307 1007 in
1333 975 1552 1018 diplomatar.
1578 975 1777 1017 Langebek.
1804 986 1844 1008 ex
1874 976 1948 1008 cod.
1974 975 2097 1008 Claud.
2123 977 2163 1008 B.
2188 976 2239 1009 VI
2265 974 2360 1017 (eod.
2384 974 2525 1008 membr.

698 1043 805 1077 seculi
840 1039 962 1083 XIV.)
999 1039 1061 1072 fol.
1101 1038 1176 1071 108.
1214 1037 1369 1070 biblioth.
1402 1037 1629 1070 Cottonianae.
1689 1037 1917 1070 Commemor.
1953 1037 2112 1081 VVanley
2149 1037 2183 1070 in
2219 1036 2326 1070 catal.
2365 1036 2525 1070 Biblioth.

693 1104 930 1146 Anglosaxon.
957 1101 1107 1146 (Hickes
1132 1101 1302 1133 Thesaur.
1328 1100 1373 1133 11.
1399 1099 1479 1132 227.
1505 1098 1604 1141 237).

564 1168 665 1217 [79.]
722 1166 930 1218 Diploma,
974 1177 1052 1216 quo
1091 1162 1294 1203 ζὌΝυίὐε
1333 1175 1401 1200 rex
1438 1162 1563 1200 totius
1591 1160 1746 1212 Anglize
1784 1163 1825 1199 et
1850 1160 2123 1200 Danmarchiae
2159 1165 2199 1200 et
2226 1160 2447 1213 Norwagiae
2487 1165 2528 1200 et

307 1255 454 1294 magnae
482 1241 606 1292 partis
637 1235 895 1277 Swauorum'’
933 1237 1073 1273 sancto
1113 1232 1312 1272 Guthlaco
1347 1232 1396 1271 de
1426 1230 1624 1283 Croyland
1660 1235 1700 1270 et
1728 1231 1885 1270 caeteris
1922 1232 2075 1270 sanctis
2113 1231 2296 1285 ejusdem
2333 1231 2410 1272 loci
2449 1231 2527 1270 “de

307 1309 552 1351 substantie?
591 1321 665 1347 sua
699 1306 864 1345 calicem
900 1318 1022 1344 unum
1059 1302 1193 1351 offert,
1236 1303 1474 1342 confirmans
1509 1301 1734 1341 Brithmero
1771 1300 1904 1340 abbati
1945 1305 1987 1340 et
2021 1301 2229 1348 monachis
2269 1302 2358 1340 suis
2401 1305 2527 1341 totum

305 1381 585 1421 monasterium
614 1391 731 1417 suum
753 1374 998 1428 Croylandiae
1029 1387 1119 1413 cum
1147 1373 1412 1426 pertinentiiS‚
1443 1376 1483 1411 et
1509 1371 1659 1411 Edredi
1687 1372 1794 1423 regis
1823 1371 2041 1424 privilegia,
2071 1372 2314 1411 monasterio
2344 1371 2529 1423 Croylan-

306 1451 419 1490 densi
457 1450 559 1488 data.
626 1447 963 1498 Subscripserunt
989 1447 1131 1497 praeter
1164 1457 1297 1495 regem
1341 1442 1570 1482 “Turkillus
1606 1443 1788 1482 minister
1823 1443 1977 1494 regis”,
2021 1446 2061 1482 et
2097 1441 2312 1494 “Alfgetus
2347 1442 2528 1481 minister

305 1521 445 1573 regis''.
473 1541 521 1547 —
553 1519 797 1560 Loncloniis.
1849 1543 1852 1547 .

695 1587 819 1621 Alford
843 1585 984 1618 Annall.
1009 1584 1093 1618 eccl.
1117 1583 1220 1625 Angl.
1246 1584 1311 1617 ΠΙ.
1337 1583 1532 1616 504—505.
1580 1582 1739 1626 ingulphi
1762 1581 2136 1626 Croyland.vHistoria‚
2157 1581 2248 1615 inter
2268 1583 2370 1616 Rerr.
2390 1582 2528 1625 Anglic.

698 1648 883 1692 scriptores
910 1647 962 1679 ed.
991 1646 1127 1689 Savsse,
1153 1646 1215 1678 fol.
1242 1646 1399 1688 507-83
1430 1645 1483 1678 ed.
1507 1645 1598 1688 Fell,
1623 1657 1655 1688 p.
1680 1645 1829 1678 58—59.
1879 1648 2041 1687 stemus,
2068 1644 2215 1688 History
2237 1644 2277 1677 or
2292 1644 2527 1678 Monasteries

699 1712 744 1744 ΙΙ.
772 1710 915 1754 append.
941 1720 973 1751 p.
999 1707 1148 1740 71—72.
1199 1708 1273 1741 cfr.
1300 1708 1406 1740 Suhm
1432 1706 1588 1740 Historie
1614 1708 1655 1740 af
1675 1707 1826 1740 Danmk.
1852 1707 1916 1740 III.
1941 1706 2020 1740 706.

565 1773 668 1823 [80.]
724 1772 780 1812 Et
799 1772 919 1818 Brev,
947 1770 1125 1810 hvorved
1148 1769 1327 1809 Praesten
1350 1768 1491 1821 Eadsy
1515 1769 1610 1808 eller
1633 1767 1800 1821 Eadsig,
1825 1769 1917 1808 med
1939 1768 2058 1821 Kong
2079 1767 2226 1807 Kxuns
2252 1781 2303 1820 og
2324 1767 2529 1821 Dronning

307 1846 473 1899 AElgifas
501 1844 660 1891 Minde,
691 1841 894 1883 overlader
921 1839 1120 1894 Apoldre,
1148 1839 1367 1886 Werhorn,
1396 1839 1581 1878 Berwick
1611 1839 1702 1889 (den
1732 1838 1810 1878 han
1840 1839 1969 1879 havde
1999 1838 2154 1878 erholdt
2176 1838 2221 1877 af
2237 1837 2357 1891 Kong
2377 1838 2529 1890 Knud),

308 1918 548 1969 Orpington,
592 1913 750 1954 Palstre
787 1926 837 1964 og
869 1909 1135 1950 Wittresham
1165 1910 1209 1948 til
1240 1909 1510 1948 Christkirken
1540 1910 1552 1948 i
1582 1909 1841 1962 Canterbury.
1909 1909 2127 1950 Underskr.
2166 1909 2211 1948 af
2241 1908 2360 1962 Kong
2387 1908 2528 1956 Knud,

308 1988 510 2039 Dronning
538 1984 723 2037 AElsgifa,
753 1979 890 2028 “bore
920 1979 1126 2028 ’burkilles
1156 1980 1270 2019 nesa'’
1300 1994 1350 2031 og
1379 1979 1477 2018 Tofi.
1591 1980 1774 2032 (Angels.
1804 1979 1895 2019 med
1923 1979 2089 2031 engelsk
2119 1980 2342 2018 interlinear
2355 1978 2528 2027 Overs.).

698 2056 861 2086 Somners
896 2051 1055 2084 Treatise
1090 2051 1130 2083 of
1162 2050 1376 2092 Gavelkind,
1413 2049 1568 2093 Append.
1600 2061 1634 2093 p.
1668 2049 1840 2082 21-1-16,
1897 2048 2013 2081 Notits
2046 2048 2142 2092 [med
2165 2049 2492 2094 Aarstallet1032]
2519 2050 2530 2082 i

697 2114 916 2148 Monasticon
943 2112 1127 2155 Angliean.
1153 2112 1182 2144 Ι.
1208 2111 1271 2154 215
1298 2114 1463 2144 Somners
1487 2110 1694 2155 Antiquities
1721 2112 1762 2144 of
1776 2111 1996 2154 Canterbury
2018 2112 2045 2144 Ι.
2066 2111 2206 2154 append.
2227 2122 2259 2154 p.
2279 2111 2346 2153 393
2370 2112 2529 2156 XVanley

697 2177 858 2210 Biblioth.
882 2175 1116 2218 Anglosaxon.
1142 2173 1292 2221 (Hickes
1317 2174 1486 2206 Thesaur.
1513 2174 1557 2205 ll.
1579 2184 1611 2216 p.
1631 2172 1739 2216 270);
1760 2174 1827 2214 jfr.
1848 2174 1956 2206 Suhm
1977 2172 2068 2205 Hist.
2092 2174 2132 2205 af
2149 2175 2272 2205 Danm.
2293 2173 2357 2206 111.
2378 2173 2529 2206 706—7.

568 2240 671 2289 [Sl]
728 2239 938 2291 Diploma,
969 2250 1047 2289 quo
1078 2235 1249 2275 “Cn-uro
1280 2250 1347 2274 rex
1375 2236 1616 2288 Anglorum,
1647 2240 1946 2288 ceterarumque
1975 2235 2150 2287 gentimn
2180 2236 2218 2273 in
2248 2236 2417 2275 circuitu
2445 2250 2529 2289 per-

305 2312 530 2351 sistentium
569 2310 804 2363 gubernator
840 2312 880 2348 et
916 2307 1090 2353 rector'’,
1135 2320 1274 2345 omnes
1311 2319 1458 2345 causas
1498 2305 1638 2345 insuloe
1677 2305 1917 2351 Glastoniae,
1962 2309 2038 2343 tam
2078 2305 2380 2345 ecclesiasticas
2410 2320 2529 2359 quam

306 2382 527 2428 seculares,
571 2380 730 2420 abbatis
760 2379 952 2430 supponit
976 2377 1152 2430 judicio,
1197 2377 1343 2415 ceteris
1381 2376 1558 2415 exclusis
1594 2374 1878 2428 potestatibus.
1923 2397 1971 2403 —
2011 2375 2170 2427 Scripta
2207 2379 2247 2415 et
2281 2376 2528 2428 promulgata

309 2455 344 2491 in
374 2453 502 2504 lignea
532 2450 719 2496 basilica,
750 2448 824 2488 sub
854 2449 1067 2500 praesentia
1094 2447 1202 2498 regis
1233 2446 1449 2493 Cnutonis,
1479 2447 1584 2493 (sine
1614 2445 1711 2495 die).
2429 2436 2440 2440 “

695 2519 879 2554 wilhelm.
913 2517 1141 2550 Malmesbur.
1178 2517 1217 2548 de
1243 2516 1370 2560 antiqu.
1398 2516 1558 2549 Glaston.
1585 2517 1707 2549 eccles.
1734 2526 1789 2559 ap.
1817 2515 1926 2548 Gale:
1951 2514 2146 2558 Scriptores
2171 2515 2262 2548 Hist.
2289 2515 2372 2549 Brit.
2399 2517 2427 2549 ῐ.
2445 2517 2526 2550 323.

699 2582 791 2615 Idem
817 2581 858 2613 de
882 2579 992 2621 gestis
1017 2589 1136 2620 regum
1161 2578 1370 2620 Anglorum,
1404 2577 1438 2610 in
1460 2577 1687 2624 scriptoribus
1711 2588 1799 2611 rerr.
1824 2577 2004 2619 Anglicar.
2031 2577 2082 2609 ed.
2109 2577 2225 2610 Savile
2249 2578 2312 2611 fol.
2328 2578 2387 2611 42.
2435 2579 2527 2612 Idem

699 2643 787 2686 apud
816 2642 1047 2683 Domesham,
1079 2640 1106 2672 1.
1141 2640 1198 2672 88.
1258 2642 1402 2672 Stevens
1428 2639 1575 2683 History
1608 2640 1647 2672 of
1675 2639 1898 2672 monaster-ies
1932 2638 2057 2682 (addit.
2092 2641 2125 2671 to
2151 2641 2303 2672 Monast.
2328 2640 2454 2685 Angl.)
2483 2642 2528 2675 ll.

699 2716 774 2748 app.
800 2715 832 2747 p.
861 2703 921 2735 lll
951 2702 1043 2745 (sec.
1070 2700 1200 2744 Gale];
1225 2712 1257 2744 p.
1286 2701 1443 2733 113—14
1469 2701 1562 2745 (sec.
1586 2702 1676 2736 wil.
1701 2700 1920 2743 Malmesb.).
1967 2701 2103 2734 Alford.
2130 2701 2257 2734 annall.
2283 2701 2365 2734 eccl.
2389 2702 2528 2744 Anglic.

705 2770 786 2798 tom.
812 2766 874 2798 ΙΙΙ.
911 2776 942 2808 p.
969 2764 1048 2796 503.
1109 2763 1305 2806 Spelmanni
1332 2763 1489 2796 concilia
1521 2764 1548 2797 Ι.
1582 2764 1663 2796 537.
1719 2763 1883 2797 ἳνίἰῑςῑηε
1911 2762 2067 2796 Concilia
2090 2765 2228 2805 Magnae
2254 2762 2406 2796 Britann.
2432 2765 2528 2798 Torn.

701 2829 727 2860 Ι.
753 2839 785 2870 p.
810 2826 984 2859 298—99.
1040 2824 1191 2867 Reyneri
1225 2826 1372 2868 apostol.
1406 2825 1579 2858 Benedict.
1603 2836 1635 2868 p.
1659 2824 1799 2857 95—96
1823 2824 1883 2867 (ex
1907 2824 2163 2868 Malmesbur.)
2222 2825 2340 2858 Mansi
2371 2825 2528 2860 collectio

701 2888 921 2922 conciliorum
946 2887 1044 2920 XIX.
1068 2886 1263 2920 501—502.
1313 2887 1388 2920 cfr.
1415 2888 1520 2920 Suhm
1548 2886 1636 2920 nist.
1663 2887 1705 2919 af
1726 2887 1875 2919 Danmk.
1902 2887 1964 2919 111.
1991 2887 2070 2920 707.

1335 3017 1482 3068 1033.

576 3115 675 3163 [82]
732 3116 1006 3169 “Scriptura'’,
1038 3128 1113 3169 qua
1141 3115 1287 3155 “CNUT
1315 3130 1383 3155 rex
1413 3120 1554 3155 terram
1586 3114 1703 3162 illam,
1735 3127 1818 3167 qufc
1848 3114 2099 3154 Follcestane
2129 3114 2291 3161 dicitur,
2321 3117 2525 3155 concessit.

317 3184 495 3223 ecclesia:
526 3183 672 3223 Christi
702 3184 929 3234 Cantuariae,
960 3188 1093 3234 (antea
1123 3185 1251 3225 eidem
1282 3186 1463 3225 ecclesiae
1493 3185 1542 3224 ab
1569 3184 1809 3223 Athelstano
1838 3200 1930 3237 rege
1953 3185 2114 3237 datam),
2146 3185 2300 3237 quando
2321 3184 2527 3225 Eadsinus

316 3254 523 3307 presbyter
539 3267 638 3293 suus
653 3254 868 3294 monachus
885 3256 938 3295 ibi
955 3256 1123 3295 effectus
1139 3256 1228 3295 est”
1245 3269 1292 3295 ea
1308 3255 1548 3301 conditione,
1563 3258 1607 3293 ut
1621 3253 1839 3302 Eadsinus,
1856 3259 2041 3307 “propter
2060 3254 2325 3293 obedientiam
2338 3267 2414 3307 qua
2424 3254 2528 3294 hene

318 3325 397 3376 regi
417 3323 615 3370 servis-if:
642 3323 803 3362 eandem
828 3328 964 3365 terram
990 3325 1040 3364 ad
1065 3327 1152 3366 vitae
1180 3325 1267 3366 dies
1293 3325 1480 3365 obtineat.
1525 3323 1669 3363 Testes
1696 3324 1842 3364 adesse
1867 3325 2066 3364 dicuntur:
2096 3324 2268 3376 AEll'giva
2287 3326 2434 3377 regina,
2458 3324 2531 3365 Uls
