2649 3686
160 310 274 350 1253.

91 381 140 412 17.
167 379 324 421 Augusti.

90 588 138 618 17.
162 586 319 628 Augusti.

87 1062 136 1093 18.
157 1061 312 1102 Augusti.

113 1253 140 1284 1.
167 1253 299 1294 septbr.

102 1600 151 1631 19.
177 1599 305 1642 septbr.

96 1879 148 1909 230.
175 1878 303 1920 septbr.

92 2082 147 2112 30.
173 2081 301 2123 Septbr.

86 2346 138 2377 21.
165 2346 298 2378 Octobr.

113 2756 145 2787 6.
170 2755 287 2788 Dccbr.

144 3014 260 3054 1254.

101 3098 151 3130 13.
183 3097 309 3131 Martii.

342 137 440 187 122
981 132 1135 179 IKoxG
1169 125 1511 176 [huusmopnnn
1546 136 1643 168 DEN
1677 120 1885 166 Fpnsoess.
2147 172 2151 175 ι

343 207 2548 231 W

386 356 391 360 ,
604 307 731 356 [948]
789 305 1042 345 hisnem-1³11
1074 298 1187 350 (lvti)
1216 308 1324 349 papae
1355 292 1405 331 ad
1432 304 1565 343 regem
1594 291 1729 329 Daciae
1758 290 1894 337 literae,
1923 291 1961 328 in
1993 288 2138 341 quibus
2168 293 2315 336 monet,
2343 293 2387 328 ut
2415 289 2544 331 edicta

350 381 476 431 regia,
520 378 664 431 quibus
699 380 829 415 vetera
858 372 1062 426 privilegia
1099 367 1275 407 ecclesiae
1312 361 1542 401 Lundensis
1580 359 1835 405 diminuerat,
1873 358 2085 398 rescindat.
2127 380 2182 386 —
2223 359 2396 407 Assia-ii,
2437 359 2545 400 XVI.

346 449 496 489 calend.
528 445 749 499 Septemhr.
778 442 916 496 pontis.
946 454 1045 480 anno
1074 437 1144 477 XI.

732 511 901 556 Raynald.
927 508 1061 543 Contin.
1087 510 1206 539 Baron.
1233 503 1276 535 ad
1300 512 1376 534 ann.
1405 500 1502 532 1253.
1527 500 1661 532 XXXI.
1688 501 1785 531 Tom.
1811 498 1858 531 Π.
1885 509 1917 541 p.
1943 497 2025 531 483.

604 575 731 624 [949]
790 573 1046 612 lxnocmrn
1085 564 1197 615 (thi)
1235 577 1345 616 papae
1379 561 1429 600 ad
1458 562 1646 599 Sacerum
1676 560 1902 606 Decanum,
1933 559 2157 598 Svenonem
2189 563 2228 598 et
2259 559 2454 612 Aquinum
2483 574 2544 600 ca.

343 650 506 687 nonicos
536 651 575 685 et
603 647 876 698 procuratores
913 639 1092 679 ecclesiae
1120 633 1348 674 Lundensis
1378 631 1568 684 epistola,
1613 643 1690 682 qua
1726 631 1817 676 iis,⁴
1843 644 1931 668 cum
1967 643 2038 682 pro
2076 629 2336 682 expediendis
2373 631 2543 681 negotiis

341 717 479 757 Jacobi
510 715 702 768 quondam
732 711 909 765 episcopi
940 706 1221 747 Roskildensis
1259 704 1296 741 in
1335 700 1679 753 archiepiscopum
1717 699 1974 738 Lundensem
2013 699 2129 738 electi
2167 698 2388 738 debitorum
2426 714 2542 740 onera

343 787 557 832 subiiscnt,
594 783 815 823 facultatem
845 778 1043 823 concedit,
1086 787 1212 827 usque
1248 771 1298 811 ad
1335 784 1528 809 summam
1566 770 1822 808 ducentarum
1853 771 2010 821 triginta
2040 783 2112 808 sex
2148 782 2364 808 marcarum
2394 773 2543 822 argenti

343 859 379 895 in
408 855 578 909 pondere
609 852 793 892 Treceusi
822 852 955 887 mutuo
985 844 1183 898 capiendi,
1215 844 1268 880 ita
1297 844 1340 879 ut
1369 841 1522 879 clectus
1552 844 1592 879 et
1621 840 1792 879 ecclesia
1813 840 1914 878 hanc
1943 841 2151 892 pecuniam
2179 840 2390 878 restituere
2413 843 2543 880 tenea-

341 932 412 966 tur.
445 948 491 954 -
524 925 692 969 Assisii,
720 919 830 959 XVI.
857 916 1005 956 calend.
1036 912 1256 966 Septelnbr.
1286 910 1424 963 pontif.
1454 923 1555 948 anno
1585 910 1808 949 undecimo.

728 989 902 1028 Liljegren
928 984 1153 1028 Diplomatar.
1179 985 1320 1013 svecan.
1344 981 1372 1012 Ι.
1397 990 1453 1012 no.
1478 980 1557 1012 408.
1583 991 1614 1023 p.
1639 980 1720 1012 364.

596 1051 722 1100 [950]
778 1049 833 1088 E.
871 1047 960 1097 (leg.
1002 1044 1046 1084 C.
1084 1055 1118 1082 o:
1156 1042 1499 1092 Cnmsropnom)
1538 1043 1646 1093 regis
1679 1041 1923 1080 confirmatio
1960 1041 2152 1081 bonorum
2192 1043 2231 1081 in
2268 1041 2466 1081 Brethaas
2503 1046 2543 1081 et

337 1125 513 1170 Lokaas,
543 1123 632 1161 data
661 1118 867 1159 couventui
895 1116 1068 1154 AEsirom
1099 1113 1304 1162 (Esrom).
1335 1133 1384 1138 —
1415 1098 1649 1160 Roskildis,
1678 1111 1770 1150 XV.
1799 1111 1951 1150 calend.
1982 1112 2244 1165 Septembris.

720 1185 902 1220 Thorkelin
924 1184 1012 1227 Dipl.
1026 1185 1265 1223 Arna-Magn.
1286 1183 1312 1215 I.
1334 1193 1365 1225 p.
1385 1181 1461 1214 195.
1509 1182 1696 1223 Langebek
1708 1181 1847 1224 Scriptt.
1862 1182 1924 1216 IX.
1975 1206 1987 1217 .
2011 1183 2094 1216 cod.
2108 1183 2246 1215 Esrom.
2267 1181 2327 1216 fol.
2343 1181 2538 1215 CLXva,

592 1251 718 1300 [951]
776 1249 1031 1288 lxxocmru
1064 1242 1175 1293 (thf)
1202 1243 1321 1290 hulla,
1355 1257 1429 1296 qua
1453 1243 1628 1282 Svenoni
1651 1245 1841 1283 canonico
1866 1243 2073 1283 Lundensi
2097 1243 2286 1296 indulget,
2311 1247 2381 1282 “ut
2402 1247 2541 1296 praeter

331 1325 597 1364 canonicatum
615 1325 653 1359 et
668 1320 935 1359 canonicatum
953 1315 1052 1365 (sic)
1071 1314 1249 1353 ecclesiae
1265 1313 1496 1352 Lundensis
1520 1327 1566 1353 ac
1589 1314 1800 1353 ecclesiam
1817 1314 1866 1353 de
1883 1314 2003 1353 Huhu
2021 1344 2044 1353 ..
2063 1314 2183 1353 liceat
2203 1344 2225 1352 ..
2242 1315 2400 1355 unicum
2417 1313 2540 1353 eccle.

330 1395 533 1434 siasticum
560 1391 791 1430 beneficium
821 1387 964 1426 similis
1001 1384 1204 1437 dignitatis
1233 1384 1294 1422 vel
1323 1388 1562 1436 personatus
1602 1413 1611 1422 .
1630 1413 1639 1422 .
1676 1384 1797 1423 libere
1827 1385 2053 1437 recipere”,
2083 1386 2118 1424 si
2149 1385 2338 1423 canonice
2365 1383 2539 1423 oblatum

330 1464 454 1503 suerit.
483 1484 536 1490 —
565 1461 736 1505 Assise'z',
765 1457 914 1497 calend.
946 1454 1168 1507 Septembr.
1199 1454 1339 1506 pontif.
1371 1467 1471 1493 anno
1501 1453 1572 1493 XI.

716 1527 892 1568 Liljegren
916 1525 1140 1568 Diplomatar.
1166 1527 1307 1557 Svecan.
1334 1525 1360 1556 Ι.
1387 1534 1441 1556 no.
1467 1524 1546 1557 409.
1572 1535 1604 1567 p.
1629 1525 1709 1557 365.

591 1591 718 1640 [952]
775 1589 1033 1628 lmocfflwru
1072 1584 1186 1635 (lvti)
1233 1600 1344 1638 papae
1382 1585 1509 1632 bulla,
1554 1599 1631 1639 qua
1667 1586 1906 1625 divisionem
1945 1586 2184 1625 decimarum
2215 1585 2250 1623 in
2282 1584 2537 1632 Guthlandia,

330 1666 471 1704 factam
501 1662 548 1701 ab
579 1661 876 1712 archiepiscopo
902 1657 1106 1696 Lundensi
1137 1660 1177 1695 et
1205 1655 1464 1708 approbatam
1494 1669 1517 1695 a
1547 1655 1738 1708 Gregorio
1774 1670 1879 1710 papa
1916 1655 2010 1703 IX„
2041 1656 2255 1695 confirmat.
2287 1677 2335 1683 —
2367 1657 2538 1704 Assisz'z',

328 1733 433 1774 Xlll.
462 1732 610 1773 calend.
641 1730 803 1770 Octobr.
831 1727 970 1781 pontif.
1000 1741 1100 1765 anno
1131 1725 1203 1765 Xl.

717 1799 892 1841 Liljegren
917 1797 1140 1840 Diplomatar.
1167 1800 1308 1829 Svecan.
1335 1797 1361 1829 Ι.
1387 1807 1442 1828 no.
1469 1795 1548 1828 411.
1573 1808 1605 1839 p.
1629 1796 1710 1828 366.

587 1862 714 1911 [953]
771 1861 935 1900 Pactum
979 1860 1078 1898 inter
1114 1858 1312 1898 JAcossmi
1352 1859 1584 1911 episcopum
1620 1856 1930 1897 Roskildensem
1961 1861 2002 1895 et
2030 1858 2230 1895 civitatem
2260 1856 2536 1896 Lubecensem

328 1937 376 1976 de
414 1936 496 1975 litis
534 1936 634 1973 inter
663 1935 775 1985 ipsos
814 1933 905 1969 ortae
935 1930 1215 1981 suspensione.
1246 1951 1294 1956 —
1326 1927 1376 1967 In
1407 1930 1579 1967 civitate
1608 1927 1861 1975 Lubecensi,
1906 1928 1944 1965 in
1974 1928 2148 1965 crastino
2177 1926 2283 1965 beati
2311 1927 2535 1966 Michaelis.

714 2001 903 2035 Michelsen
928 1999 1252 2032 Urkundensamml.
1281 1999 1308 2031 Ι.
1334 1998 1482 2030 70-71.
2177 2038 2180 2039 ⁷

586 2065 712 2113 [954]
769 2063 910 2101 Literae
929 2073 1132 2100 cAPl'rULl
1150 2061 1465 2100 Rosmmssxsus
1490 2059 1540 2098 ad
1564 2060 1763 2099 civitatem
1779 2058 2070 2105 Lubecensem,
2096 2058 2145 2097 de
2165 2059 2334 2105 damnis,
2356 2058 2534 2098 ecclesiae

326 2136 583 2177 Roskildensi
612 2149 681 2188 per
711 2132 931 2172 incendium
962 2132 1082 2170 castri
1114 2135 1154 2170 et
1181 2130 1281 2169 villae
1318 2130 1366 2168 de
1395 2129 1726 2181 Kopmannshafn
1761 2130 2009 2182 pluriumque
2038 2129 2321 2175 maneriorum,
2351 2127 2401 2167 ad
2430 2142 2534 2168 nien-

327 2221 411 2247 sam
441 2205 706 2258 episcopalem
737 2203 1022 2255 spectantium,
1049 2201 1183 2240 illatis.
1215 2223 1263 2228 —
1296 2201 1422 2253 Apud
1447 2199 1660 2246 Roskild„
1689 2199 1816 2252 pridie
1846 2199 1996 2238 calend.
2028 2197 2229 2237 Octobris.

713 2272 906 2305 Michelsen
931 2267 1254 2304 Urkundens'amml.
1282 2271 1307 2303 Ι.
1334 2271 1389 2303 71.

582 2336 708 2384 [955.]
766 2334 1093 2373 ΟΗιιιεΤοΡΗοιιι
1124 2334 1230 2385 regis
1260 2332 1454 2384 diploma,
1499 2345 1577 2384 quo
1608 2330 1772 2370 Alherto
1809 2329 1899 2368 duci
1938 2329 1987 2368 de
2024 2329 2261 2368 Brunswich
2299 2330 2534 2382 impignorat

326 2408 469 2446 Samso
507 2410 547 2445 et
582 2404 842 2456 Oudelaghae,
885 2417 973 2442 cum
1013 2402 1195 2441 omnibus
1233 2402 1350 2441 bonis
1388 2405 1429 2440 et
1460 2402 1549 2454 jure
1588 2401 1730 2452 regali,
1777 2399 1929 2438 “donec
1968 2403 2109 2438 terram
2139 2399 2294 2438 Alsiam
2332 2399 2531 2447 habuerit,

327 2491 440 2530 quam
478 2475 554 2514 sibi
592 2474 828 2513 contulimus
859 2474 949 2526 jure
978 2477 1168 2526 perpetuo
1198 2471 1533 2525 possidendam'’,
1580 2470 1765 2523 adposita
1801 2469 2048 2516 conditione,
2091 2474 2134 2508 ut
2163 2474 2204 2508 et
2230 2469 2435 2523 privilegia
2463 2469 2530 2508 ho-

326 2547 471 2585 minum
500 2549 685 2584 terrarum
715 2542 997 2582 antedictarum
1028 2543 1137 2581 salva
1166 2545 1369 2588 maneant,
1414 2545 1454 2580 et
1483 2540 1654 2587 eaedem,
1683 2540 1799 2579 Alsia
1838 2539 2001 2586 tradita,
2045 2536 2288 2591 integraliter*
2322 2540 2530 2578 restituan-

329 2619 401 2653 tur.
432 2637 479 2643 —
509 2614 633 2666 Apud
662 2611 992 2666 Sliycllfislib'rne,
1020 2611 1110 2650 XII.
1142 2612 1295 2650 calend.
1324 2610 1539 2650 Novembr.

712 2682 846 2714 scheid.
872 2681 968 2723 Orig.
994 2682 1106 2714 Guels.
1133 2684 1228 2714 Tom.
1256 2682 1317 2714 ΙΙΙ.
1342 2681 1483 2713 Praefat.
1507 2692 1540 2724 p.
1566 2678 1715 2712 88—89.

589 2743 716 2791 [956]
771 2743 932 2789 Literae,
984 2743 1130 2795 quibus
1164 2743 1441 2782 MARGARETA
1479 2741 1704 2780 lumnam.-
1745 2752 1917 2779 υοτΗΕιι
1963 2738 2012 2777 de
2048 2737 2139 2777 Hall
2174 2742 2308 2778 notum
2346 2738 2529 2779 omnibus

332 2811 442 2857 sacit,
472 2825 515 2850 se
544 2814 745 2851 canonicis
774 2826 807 2851 s.
835 2812 1024 2851 willelmi
1054 2813 1103 2852 de
1131 2812 1347 2852 Ebbleholt
1376 2813 1507 2851 omnia
1535 2824 1609 2850 sua
1637 2810 1740 2850 bona
1764 2811 1802 2849 in
1823 2809 1998 2848 Halsnes
2021 2808 2197 2847 dedisse.
2215 2830 2263 2836 —
2288 2808 2526 2858 Ebblelzolt‚

331 2879 393 2919 die
422 2880 458 2918 l).
487 2880 640 2919 Nicolai
669 2882 861 2933 episcopi.

717 2949 900 2991 Langebek
925 2950 1062 2994 Scriptt.
1087 2952 1150 2985 VI.
1179 2953 1347 2986 160—61.

1345 3013 1490 3062 1254.

593 3088 718 3137 [957]
775 3089 848 3129 Jus
876 3092 1109 3144 municipale
1133 3093 1364 3143 Hasniense,
1393 3108 1417 3134 a
1437 3094 1600 3134 JAco·Bo
1619 3091 1848 3141 OERLANni)
1873 3091 2065 3144 episcopo
2081 3089 2340 3130 Roskildensi
2363 3090 2523 3131 editum.

335 3183 380 3188 —
413 3158 777 3212 Kopmannceleasn,
807 3158 895 3198 idus
924 3160 1053 3200 Martii
1084 3165 1211 3202 tertio.

718 3227 943 3270 Pontoppidan
976 3230 1097 3272 Origg.
1131 3233 1232 3264 Hafn.
1266 3244 1296 3276 p.
1329 3232 1476 3266 49-52.
1537 3229 1723 3264 Thorkelin
1758 3229 1982 3272 Diplomatar.
2017 3231 2252 3271 Arna-Magn.
2276 3231 2304 3263 I.
2332 3229 2523 3262 197—200.

719 3288 1128 3335 Koldernp-Rosenvinge
1153 3293 1257 3328 sami.
1284 3295 1322 3326 af
1343 3295 1390 3337 gl.
1417 3294 1546 3328 danskc
1571 3294 1662 3325 Lovc
1687 3293 1732 3324 V.
1757 3290 1928 3324 90—100.
1988 3291 2083 3326 Dan.
2116 3292 2321 3336 interpret.·
2340 3301 2392 3335 ap.
2417 3290 2522 3325 nvit-
