2649 3686
360 140 455 189 118
1278 127 1432 176 KONG
1465 125 1626 173 Am..

173 314 291 353 1251.
621 309 748 358 [908]
805 308 969 353 Literae,
1013 304 1156 357 quibus
1185 302 1300 340 Arxm.
1328 311 1395 337 rex
1423 299 1557 334 notum
1596 294 1712 340 facit,
1755 293 1889 345 “quod
1924 293 2096 332 claustro
2137 294 2494 333 sanctimonialium
2522 293 2559 332 b.

139 386 169 416 ⁷·
203 381 327 416 Martii·
363 382 556 422 Johanuis
586 380 757 430 Sleswig
794 390 931 416 omnes
969 374 1122 413 villicos
1152 383 1250 410 suos
1288 372 1327 407 et
1354 366 1518 405 colonos
1547 363 1595 402 ab
1626 363 1892 415 expeditionis
1930 364 2175 414 gravamine,
2218 364 2463 416 impetitione
2498 377 2562 402 ex-

362 453 509 491 actoria
530 450 750 501 ceterisque
774 446 958 486 oneribus
982 447 1021 482 et
1050 439 1328 486 solutionibus,
1353 437 1432 489 juri
1458 434 1567 484 regio
1597 431 1897 479 attinentibus”,
1926 432 2075 471 liberos
2101 432 2273 472 dimittat
2295 437 2413 486 atque
2435 447 2563 472 exem-

363 526 439 561 tos.
470 543 521 549 -—
549 520 664 558 Anno
694 518 758 556 dfii
783 514 940 555 MCCL.
972 527 1058 551 non.
1087 510 1232 550 Martii.
2430 531 2437 537 .

750 584 979 627 VVestphulcn
1010 584 1158 613 Menum.
1196 577 1284 610 ined.
1317 575 1378 608 111.
1412 572 1476 606 col.
1509 569 1589 603 359.
1645 570 1793 613 Interpr.
1821 572 1983 604 German.
2009 571 2087 604 ibid.
2120 571 2186 605 col.
2217 572 2297 605 334.
2359 572 2433 606 Cfr.
2458 572 2564 606 Suhm

750 648 839 680 nist.
865 647 906 677 af
926 644 1072 677 Danmk.
1097 642 1139 673 X.
1171 638 1336 671 182—83.

143 726 173 756 7.
200 722 328 756 Martii.
624 711 749 759 [909]
807 708 1052 747 Imm-nomm
1089 699 1202 750 (lV‘f)
1240 711 1351 750 papae
1388 694 1512 741 bulla,
1566 708 1644 747 qua
1679 695 1860 733 ministro
1897 695 2129 746 provinciali
2165 694 2300 733 Daciae
2336 699 2376 734 et
2411 695 2563 735 Jacobo

366 783 527 836 Skogby
556 782 604 820 (le
633 780 766 818 ordine
796 777 951 815 fratrum
981 773 1174 812 Minorum
1205 769 1393 819 imperat,
1422 768 1466 802 ut
1493 764 1754 804 Lubecenses
1785 766 2146 812 excommunicent,
2176 763 2225 803 ob
2255 769 2428 804 castrum
2455 765 2565 818 Kop-

364 852 595 894 mannchafn
623 851 829 899 variasque
857 845 970 883 villas
999 844 1182 880 incensas
1213 842 1252 876 et
1282 837 1534 882 devastatas,
1565 835 1691 874 donec
1719 834 1768 874 ab
1798 834 1876 874 illis
1906 834 2024 873 suerit
2052 834 2318 874 satisfactum.
2355 859 2410 865 —
2452 835 2562 888 Luq-

365 925 482 971 (Iuni,
513 935 599 960 non.
629 918 780 962 Martii,
810 914 1020 967 pontificat.
1050 924 1149 949 anno
1179 906 1283 946 VHI.

752 983 936 1017 Thorkelin
960 981 1184 1024 Dipiomatar.
1209 978 1446 1017 Arna-Magn.
1474 976 1502 1008 1.
1528 986 1558 1017 p.
1587 974 1663 1007 187.

126 1066 174 1096 10.
201 1061 338 1105 Aprilis.
621 1047 747 1096 [910]
804 1046 961 1084 Annus
998 1043 1105 1093 regis
1142 1040 1280 1086 literae,
1325 1038 1469 1091 quibus
1505 1036 1688 1075 abbatem
1725 1039 1766 1075 et
1802 1039 2036 1075 conventum
2077 1035 2178 1075 Loci
2221 1036 2318 1083 Dei,
2369 1037 2564 1074 “unacum

366 1121 546 1164 omnibus
574 1119 691 1158 bonis
720 1120 760 1155 et
788 1114 933 1154 familia
963 1109 1224 1155 eorundem’',
1265 1108 1339 1147 sub
1370 1121 1442 1148 sua
1473 1107 1641 1160 speciali
1669 1107 1916 1159 protectione
1946 1107 2107 1159 recipit,
2152 1106 2356 1146 dimittens
2384 1104 2565 1144 “eisdem

363 1194 544 1231 universa
572 1187 674 1227 bona
704 1199 775 1224 sua
792 1212 962 1229 .......
992 1185 1070 1219 tarn
1100 1181 1136 1218 in
1168 1179 1313 1218 ducatu
1341 1181 1478 1217 nostro
1510 1190 1625 1230 quam
1656 1177 1695 1215 in
1724 1189 1864 1228 regno,
1908 1176 2030 1215 libera
2064 1177 2225 1229 penitus
2262 1180 2303 1215 et
2331 1179 2513 1228 exempta
2542 1188 2566 1213 a

363 1261 582 1313 gravamine
613 1255 897 1308 expeditionis,
936 1252 1180 1303 impetitione
1209 1249 1428 1295 exactoria,
1471 1248 1694 1300 ceterisque
1725 1245 1913 1285 oneribus
1942 1250 1982 1285 et
2010 1247 2276 1286 solutionibus
2305 1245 2566 1286 attinentibus

359 1332 437 1384 juri
466 1327 638 1368 nostro''.
668 1347 716 1352 —
746 1325 885 1375 Riguis,
915 1322 1004 1360 idus
1033 1319 1184 1372 Aprilis
1213 1317 1298 1357 llll.
2070 1307 2079 1314 ⁹

748 1393 931 1434 Langebek
956 1390 1094 1433 Scriptt.
1118 1390 1215 1422 Vlil.
1244 1388 1319 1421 182.

621 1467 747 1516 [911.]
805 1465 964 1504 Annus
1005 1464 1058 1512 (in
1089 1463 1249 1516 diplom.
1280 1462 1550 1512 Annuncu'rr)
1579 1460 1782 1499 Danorum
1820 1460 1926 1511 regis
1961 1460 2231 1512 privilegium,
2276 1459 2432 1500 civibus
2461 1459 2565 1499 Roz-

362 1539 656 1584 stokkiensibus
685 1537 838 1575 datum:
868 1532 1128 1573 mercaturam
1155 1534 1192 1571 in
1222 1532 1359 1571 Daniae
1388 1545 1508 1583 regno
1539 1530 1660 1570 libere
1697 1531 1926 1578 exercendi3
1967 1544 2033 1569 res
2063 1531 2273 1583 naufragas
2301 1531 2472 1583 propriis
2502 1544 2566 1568 ex-

132 1487 183 1519 25.
202 1485 338 1529 Aprilis.

360 1614 497 1667 pensis
538 1607 747 1651 liberandi2
791 1619 918 1658 equos
961 1604 1009 1643 de
1054 1603 1220 1642 navibus
1265 1601 1488 1654 deponendi
1525 1605 1565 1640 et
1601 1601 1708 1639 rixas
1746 1614 1906 1638 suorum
1944 1601 1982 1638 in
2021 1601 2206 1639 nundinis
2245 1599 2566 1640 Skanorensibus

362 1683 514 1727 eodem,
545 1693 621 1732 quo
651 1677 910 1716 Lubecenses
938 1674 1161 1720 utebantur,
1187 1674 1276 1726 jure
1306 1670 1586 1725 componendi,
1615 1671 1795 1723 exceptis
1825 1671 2096 1710 tantummodo
2125 1671 2289 1710 casibus
2317 1684 2405 1709 cum
2436 1670 2567 1709 caedes

361 1756 510 1807 patrata
540 1750 666 1789 suerit.
697 1769 745 1774 —
785 1743 1176 1796 Wartz'nqlaburyel2‚
1207 1742 1357 1782 calend.
1387 1742 1486 1793 Maji
1517 1740 1603 1779 Vll.

746 1816 913 1849 Rostock.
939 1815 1119 1847 wocbentl.
1144 1813 1392 1855 Nachricfflen,
1421 1812 1525 1854 1752,
1552 1823 1583 1854 p.
1608 1810 1759 1843 97—98.

151 1893 183 1925 6.
211 1891 312 1926 Junii.
618 1879 745 1928 [912]
803 1878 958 1923 Literae,
991 1877 1135 1929 quibus
1164 1876 1283 1915 Annr.
1313 1888 1380 1914 rex
1411 1875 1541 1912 onmia
1569 1872 1672 1912 bona
1701 1872 1977 1911 canonicorum
2008 1871 2058 1911 de
2086 1872 2302 1926 Eppleholt
2330 1872 2378 1911 ab
2408 1872 2567 1925 expedi-
2601 1895 2603 1897 ·

360 1955 479 1994 tionis
514 1951 757 2005 gravamine,
800 1948 1045 2001 impetitione
1082 1946 1302 1992 exactoria,
1346 1945 1530 1996 omnique
1562 1957 1678 1982 onere
1716 1943 1824 1995 regio
1862 1942 1985 1981 libera
2019 1943 2193 1982 dimittit.
2238 1965 2286 1971 —
2330 1941 2565 1990 Rosltildv's,

362 2024 466 2064 Vlll.
496 2023 548 2062 id.
577 2021 695 2060 Junii.

749 2088 935 2130 Langebek
959 2086 1100 2130 Scriptt.
1125 2088 1187 2120 VI.
1217 2084 1384 2118 158-59.

145 2176 195 2207 Η.
227 2174 320 2207 Julii.
618 2162 746 2212 [913]
802 2161 928 2208 Brev,
957 2160 1129 2199 hvorved
1158 2159 1276 2211 Kong
1303 2157 1418 2197 ΕΒΗ(
1462 2156 1567 2206 (laes:
1611 2157 1745 2206 Amal.)
1790 2156 1972 2196 sorunder
2000 2154 2312 2208 Kjo‘bmaendene
2342 2157 2354 2195 i
2382 2130 2565 2209 Faburgh

362 2236 504 2277 Frihed
542 2235 601 2274 for
644 2234 680 2272 al
722 2233 951 2284 Besvaering
1000 2244 1049 2283 og
1093 2230 1192 2275 Told
1235 2242 1328 2267 over
1369 2227 1459 2266 hele
1493 2227 1693 2266 Danmark
1731 2240 1782 2278 og
1817 2226 2157 2279 Hertugdiimmet.
2202 2248 2250 2254 —
2295 2226 2564 2280 Haqenslcou,

365 2307 470 2346 XIV.
500 2305 601 2358 dagh
629 2303 736 2343 Julii.

753 2372 859 2405 Suhm
884 2370 973 2403 nist.
998 2370 1038 2402 af
1058 2370 1204 2402 Danmk.
1229 2371 1275 2402 X.
1301 2368 1382 2401 969.

136 2459 168 2489 S.
192 2456 343 2498 Augusti.
623 2446 750 2495 [914]
808 2445 962 2483 Annius
1004 2444 1110 2494 regis
1154 2443 1296 2489 literae,
1341 2441 1485 2495 quibus
1523 2441 1628 2480 omni
1661 2440 1741 2493 juri
1778 2440 1993 2485 renuntiat,
2037 2438 2142 2492 quod
2182 2440 2220 2478 in
2250 2438 2382 2478 Osilia
2419 2439 2564 2479 habere

370 2519 517 2558 videtur
546 2520 677 2557 contra
705 2515 968 2554 Hermannum
999 2514 1230 2566 episcopum
1261 2512 1519 2552 Osiliensem.
1550 2533 1599 2541 -
1631 2509 1823 2564 Nybory,
1852 2508 1921 2548 VI.
1951 2509 2041 2549 idus
2070 2509 2256 2561 Augusti.

754 2584 918 2616 Hvitfeldt
941 2585 1061 2616 Danm.
1087 2583 1194 2624 RIges
1219 2582 1374 2615 Kriinike
1405 2593 1436 2625 p.
1463 2581 1541 2613 230.
1589 2581 1733 2612 Pontan.
1756 2581 1882 2612 Rerum
1901 2578 2064 2611 Danicar.
2085 2578 2175 2612 Hist.
2196 2579 2272 2612 Lib.
2290 2580 2369 2612 VII.
2395 2590 2426 2622 p.
2450 2580 2565 2612 3-10—

756 2645 811 2677 41.
870 2645 1099 2687 Pontoppidan
1125 2645 1262 2677 Annali.
1289 2644 1410 2676 eccles.
1434 2644 1524 2675 Dan.
1549 2643 1576 2675 I.
1603 2653 1633 2685 p.
1658 2641 1830 2674 670—71.
1876 2639 2064 2673 Thorkelin
2087 2639 2312 2683 Diplomatar.
2333 2641 2556 2684 Arna-Magn

756 2707 782 2738 1.
811 2706 885 2738 188.
934 2707 1007 2739 cfr.
1033 2707 1137 2739 Suhm
1165 2706 1253 2738 Hist.
1281 2706 1321 2737 af
1342 2705 1488 2737 Danmk.
1516 2705 1562 2736 X.
1589 2703 1665 2736 192.

139 2782 171 2811 8.
197 2779 349 2820 Augusti.
628 2767 752 2815 [915]
810 2768 969 2807 Ananis
999 2768 1104 2818 regis
1134 2768 1276 2814 literae,
1314 2766 1459 2820 quibus
1486 2766 1675 2816 magistro
1704 2764 1871 2803 Andreae
1900 2766 1940 2801 et
1968 2762 2152 2802 fratribus
2181 2763 2323 2803 domus
2353 2764 2563 2804 Theutoni-

377 2850 505 2875 corum
535 2849 567 2875 s.
596 2837 728 2874 Mariae
758 2838 795 2874 in
823 2837 988 2875 Livonia
1019 2841 1057 2876 et
1085 2837 1280 2876 Esthonia
1306 2838 1376 2890 jus
1407 2850 1520 2874 omne
1551 2836 1587 2873 in
1614 2833 1798 2873 Gerviam
1828 2832 1945 2872 cedit.
1975 2854 2024 2860 -—
2055 2832 2263 2883 Nuborcloe,
2292 2834 2359 2873 Vl.
2384 2834 2437 2873 id.
2460 2835 2564 2887 Aug.

764 2906 947 2939 Thorkelin
973 2907 1194 2949 Diplomatar.
1219 2908 1456 2947 Arna-Magn.
1480 2906 1506 2937 Ι.
1532 2915 1565 2947 p.
1590 2903 1669 2935 306.

128 2973 175 3003 13.
200 2971 354 3012 Augusti.
635 2965 760 3013 [916]
817 2968 978 3007 Ani-:ms
1006 2969 1205 3007 Danorum
1229 2969 1358 3020 regis,
1403 2967 1516 3005 ducis
1544 2966 1682 3011 Jutiae,
1725 2963 1845 3002 literae
1882 2962 1930 3001 de
1958 2962 2230 3011 libertatibus,
2273 2965 2428 3005 civibus
2456 2965 2564 3005 Wis-

380 3033 639 3074 maricnsibus
668 3036 732 3072 “in
762 3036 933 3076 Skanore
963 3041 1002 3076 et
1031 3038 1121 3076 aliis
1150 3039 1256 3089 regni
1288 3038 1411 3076 nostri
1440 3034 1645 3089 partibus”
1675 3033 1895 3072 concessis.
1926 3054 1975 3060 —
2005 3033 2271 3081 kasborch,
2302 3034 2354 3073 id.
2376 3035 2563 3087 Augusti.

763 3105 864 3137 subm
891 3106 980 3139 nist.
1005 3108 1044 3138 af
1063 3108 1206 3139 Danmk.
1232 3109 1277 3140 X.
1302 3107 1472 3140 969—70.
1520 3104 1698 3145 Liljegren
1724 3101 1943 3144 Diplomatar.
1971 3105 2109 3137 Svecan.
2136 3104 2162 3135 1.
2187 3114 2241 3136 no.
2267 3103 2345 3136 849.
2370 3116 2402 3147 p.
2429 3105 2506 3137 701.

144 3175 197 3207 21,
224 3175 353 3218 δῃῶν,
636 3164 760 3212 [917.]
817 3167 997 3214 Ananis,
1026 3168 1224 3206 Danorum
1254 3170 1359 3220 regis
1389 3171 1429 3208 et
1457 3167 1571 3206 ducis
1599 3166 1735 3210 Jutiae,
1765 3164 1996 3202 constitutio
2026 3163 2074 3202 (le
2099 3164 2283 3204 theloneo
2310 3167 2347 3205 in
2379 3166 2564 3206 nundinis

381 3235 574 3281 Scanore,
603 3247 669 3287 per
697 3248 785 3281 (308,
823 3237 885 3287 qui
916 3237 1092 3275 dicuntur
1121 3236 1445 3284 Vindlandssare,
1475 3234 1676 3276 solvendo.
1708 3255 1756 3261 —
1790 3232 1995 3281 Scanore,
2037 3234 2186 3272 calend.
2217 3234 2379 3274 Octobr.
2410 3240 2562 3275 octavo.

765 3305 866 3338 Suhm
892 3305 979 3340 nist.
1006 3307 1044 3339 af
1064 3308 1208 3340 Danmk.
1234 3309 1279 3341 X.
1303 3307 1473 3341 970—71.
1523 3305 1698 3347 niljegren
1720 3303 1940 3347 Diplomatar.
1966 3305 2107 3337 Svecan.
2134 3305 2160 3337 1.
2187 3315 2239 3338 no.
2263 3305 2344 3339 851.
2371 3317 2400 3349 p.
2415 3305 2561 3338 703-1,
