2649 3686
869 141 1024 192 Koxc.
1058 143 1188 193 Emi(
1221 144 1459 195 Mnxvnn.
2172 151 2269 201 183

324 308 482 359 [1491]
539 309 663 351 Eruci
702 314 808 365 regis
845 319 885 354 et
918 315 1108 364 Haqvnw
1136 317 1264 372 *ducis
1299 318 1507 371 Norvegiae
1544 318 1737 372 diploma,
1779 332 1857 372 quo
1895 321 1999 359 omni
2023 321 2125 373 juri,
2169 323 2272 375 quod
2344 327 2459 367 1296.

61 378 140 418 iilis
175 379 214 418 in
251 377 369 418 bonis
407 380 446 418 in
483 379 689 436 Bucthorp
728 385 764 423 in
795 385 1009 446 Syalandia
1039 389 1131 426 sitis
1161 392 1386 442 competere
1414 390 1578 442 poterit,
1616 389 1861 436 renuntiant,
1906 402 2023 442 quum
2063 395 2270 432 matertera
2315 394 2371 428 24·
2397 396 2492 429 διιΙίῑ.

60 462 194 489 eorum
238 447 448 489 domicella
490 451 649 505 Agnes,
700 452 808 493 Eiici
844 455 1044 495 Danorum
1088 458 1195 509 regis
1238 458 1334 506 fllia,
1385 458 1590 498 sororibus
1634 462 1779 497 sanctae
1818 458 1940 498 Ciarae
1982 459 2193 500 Roskiidis
2235 466 2275 501 et

59 531 190 558 earum
227 520 469 559 monasterio
507 521 646 561 eadem
676 521 779 563 bona
808 529 1031 566 scotaverat
1068 531 1108 567 et
1137 526 1301 567 dederat
1327 532 1518 581 perpetuo
1547 528 1806 604 possidenda.
1844 551 1893 557 —
1939 530 2107 582 Beryis,
2151 532 2188 569 in
2217 532 2271 570 vi-

58 588 151 642 gilia
179 587 286 628 beati
313 589 455 629 Jacobi
484 591 670 643 apostoli.

453 660 575 701 Rojeri
601 660 792 705 disquisitio
818 663 858 696 de
883 666 1011 709 Sophia
1036 667 1246 708 Langeiand.
1271 678 1304 712 p.
1333 668 1409 701 101.
1457 668 1645 702 Thorkelin
1670 669 1759 713 Dipi.
1785 671 2023 711 Arna-Magn.
2048 672 2090 703 11.
2121 670 2196 704 174.

319 721 476 771 [1492]
534 722 690 762 Emeus
722 724 813 764 “dei
843 729 967 778 gratia
992 729 1156 768 illustris
1180 730 1295 769 ducis
1317 730 1440 770 Juciae
1462 731 1581 778 filius,
1611 731 1795 770 dominus
1818 731 2111 783 Langlandiae⁵’‚
2142 734 2272 771 omnia
2307 746 2363 779 27,
2397 747 2493 780 Juffi,

57 789 180 837 bona,
225 791 338 844 “quae
377 791 586 831 domicella
623 793 818 846 Agnaes’',
871 797 947 836 filia
986 798 1092 838 Erici
1131 801 1236 851 regis
1272 799 1495 848 Danorum,
1539 802 1808 841 “monasterio
1846 805 1992 840 sanctae
2031 801 2152 841 Clarae
2189 802 2270 841 Ro-

59 860 200 901 skildis
229 861 266 900 in
297 861 537 915 Bukaethorp
567 863 645 902 sita
675 866 838 905 contulit
866 871 906 907 et
934 882 1003 920 per
1031 871 1294 909 scotationem
1324 872 1592 922 assignavit”,
1631 886 1705 911 suo
1743 875 1783 910 et
1820 873 1958 911 uxoris
1988 885 2070 911 suae
2108 871 2268 926 Sophite

56 933 234 982 nomine,
263 932 452 985 praedicto
478 936 717 974 monasterio
748 936 869 976 libere
899 937 1072 977 (limittit.
1104 961 1153 967 —
1184 939 1354 992 Ber-qis,
1385 944 1499 980 sexto
1529 941 1681 981 calend.
1710 942 1897 994 Augusti.

449 1004 568 1044 nojeri
595 1004 786 1049 disquisitio
814 1007 853 1039 de
878 1008 1007 1050 Sophia
1032 1009 1242 1050 Langelnnd.
1269 1021 1299 1053 p.
1329 1010 1404 1042 102.

317 1064 473 1114 [1493]
531 1064 656 1106 Eruci
686 1067 890 1121 Norvegioe
920 1071 1026 1122 regis
1062 1072 1330 1123 privilegium,
1373 1071 1763 1124 Haniburgensibus,
1806 1074 1872 1126 qui
1910 1073 2108 1113 mercandi
2146 1087 2268 1114 causa
2302 1085 2488 1132 alf-jum,

54 1134 294 1188 Norvegiam
321 1137 590 1183 visitaverint,
633 1151 885 1178 concessum.
954 1140 1058 1180 Inter
1093 1144 1220 1180 testes
1256 1143 1476 1181 nominatur
1518 1141 1722 1189 “Emeus,
1769 1155 1914 1182 PHAUS
1956 1156 2104 1183 nonum
2140 1142 2266 1183 Emer

54 1219 174 1248 nucls
201 1206 383 1247 JU01AE”.
413 1228 463 1233 —
495 1205 666 1259 Berqis,
695 1208 822 1261 pridie
853 1209 1003 1248 calend.
1033 1210 1228 1262 Augusti,
1258 1225 1359 1250 anno
1388 1213 1496 1263 regni
1527 1211 1680 1252 decimo
1710 1214 1895 1265 septimo.

448 1277 628 1310 Schuback
655 1278 695 1310 de
716 1280 796 1319 jure
820 1279 947 1312 littoris
972 1291 1003 1323 p.
1029 1280 1199 1313 274—75.
1248 1281 1434 1313 Thur-kelin
1460 1281 1683 1325 Diplomatar.
1708 1285 1946 1324 Arna-Magn.
1972 1284 2016 1316 11.
2045 1282 2212 1316 175—77.

314 1337 471 1387 [1494]
531 1338 783 1388 Gerhardus,
827 1355 962 1380 comes
998 1341 1210 1389 Holsatiae,
1264 1347 1304 1381 et
1339 1356 1436 1382 uxor
1470 1345 1560 1396 ejus
1595 1345 1766 1391 Amms,
1812 1357 2014 1393 quoanM
2050 1344 2267 1385 Damonuzu
2295 1356 2347 1391 11,
2373 1358 2503 1401 Septbr,

55 1421 240 1454 Beatam,
266 1412 401 1448 notum
432 1408 603 1457 faciunt,
646 1410 752 1463 quod
790 1411 867 1449 “ad
903 1412 1115 1451 claustrum
1155 1412 1303 1451 ordinis
1341 1414 1469 1452 sancti
1506 1413 1715 1453 Benedicti
1752 1415 1789 1453 in
1821 1414 1998 1453 Cicemer
2035 1414 2083 1453 de
2122 1428 2267 1455 corona

54 1480 194 1532 spinea
223 1478 454 1526 salvatoris,
485 1479 633 1519 domini
660 1482 784 1519 nostri
813 1481 912 1521 Jesu
943 1482 1111 1530 Christi,
1139 1482 1386 1522 venerabiles
1415 1483 1646 1523 donaverint
1673 1484 1899 1538 reliquias'’.
1930 1507 1979 1513 —
2018 1485 2266 1539 Nicopinqe,

54 1549 152 1590 seria
181 1550 297 1589 tertia
325 1553 420 1601 post
448 1550 599 1588 nativit.
629 1549 668 1589 h.
698 1550 832 1590 Mariae
863 1552 1039 1603 virginis.

448 1619 641 1652 Michelsen
666 1621 992 1654 Urkundensamml.
1019 1623 1045 1654 Ι.
1075 1622 1150 1656 113.

317 1681 474 1731 [1495]
535 1681 800 1722 Culusa-mm
832 1684 1012 1736 episcopi
1043 1684 1238 1736 Ripensis
1267 1685 1469 1738 totiusque
1499 1684 1681 1737 ejusdem
1708 1685 1784 1724 loci
1814 1685 1976 1737 capituli
2007 1686 2150 1734 literae,
2182 1689 2264 1740 qui-

5 1784 7 1786 -
51 1751 128 1793 hus
157 1752 409 1792 donationem
440 1751 589 1790 domini
618 1752 802 1792 Herberti
833 1754 1002 1800 Somaer,
1032 1754 1133 1792 civis
1161 1754 1378 1806 Ripensis,
1409 1758 1594 1793 terrarum
1626 1754 1867 1808 quarundam
1898 1756 1935 1793 in
1964 1756 2266 1797 ivilseliifmark

53 1827 94 1864 et
121 1824 160 1863 in
188 1822 426 1862 Stinderrice
455 1822 588 1870 Mark,
631 1822 681 1862 ad
717 1825 1046 1862 sustentationem
1075 1824 1209 1863 missae
1239 1825 1277 1862 in
1315 1823 1486 1863 ecclesia
1514 1823 1639 1864 beatae
1667 1824 1802 1864 Mariae
1839 1825 1980 1878 Ripis,
2024 1827 2263 1866 confirmant.

446 1894 619 1935 Terpager
643 1892 739 1936 Ripae
765 1893 891 1926 Cimbr.
918 1904 949 1936 p.
975 1893 1145 1926 253—54.

315 1954 472 2004 [1496]
532 1955 723 2003 SoPfflA,
763 1955 853 1994 “dei
886 1957 1009 2008 gratia
1039 1955 1195 1993 domina
1224 1954 1522 2007 Langiandiae”,
1565 1956 1695 1994 omnia
1730 1954 1831 1995 bona
1863 1957 1900 1995 in
1929 1955 2194 2010 Buckaethorp
2225 1960 2263 1997 in

52 2025 299 2080 Syaelandia,
336 2039 422 2079 quae
448 2029 588 2065 “soror
616 2030 751 2065 nostra
781 2025 975 2078 (Sophiae)
1004 2024 1210 2063 domicella
1245 2025 1402 2077 Agnes,
1446 2025 1594 2064 domini
1622 2025 1730 2064 Erici
1767 2025 1962 2078 quondam
1993 2029 2099 2078 regis
2127 2027 2263 2067 Daciae

51 2097 188 2145 nata'',
230 2096 472 2136 monasterio
502 2100 649 2135 sanctae
680 2095 800 2135 Clarae
843 2094 1128 2134 Roskildcnsis
1172 2098 1414 2142 scotaverat,
1466 2095 1646 2142 dimittit,
1692 2109 1893 2135 consensu
1935 2098 2090 2135 “mariti
2134 2099 2257 2137 nostri

50 2167 246 2221 (Sophiae)
276 2167 494 2213 carissimi,
524 2180 570 2205 ac
600 2166 831 2205 dilectorum
861 2169 1047 2218 nepotum
1077 2168 1319 2212 nostrorum,
1349 2164 1594 2204 dominorum
1616 2164 1724 2204 Erici
1754 2167 1860 2217 regis
1885 2169 1925 2205 et
1944 2165 2117 2219 Haquini
2143 2167 2256 2206 ducis

13 2267 17 2273 ι
51 2237 258 2292 Norvegiae
285 2236 544 2281 illustrium”‚
571 2236 801 2275 accedente.
829 2258 882 2263 —
911 2236 1006 2274 Sine
1036 2248 1150 2273 anno.

444 2305 566 2347 nojeri
591 2305 784 2351 disquisitio
810 2305 850 2338 de
880 2305 1008 2348 Sophia
1031 2304 1241 2346 Langeland.
1266 2314 1299 2347 p.
1327 2303 1518 2338 102—103.
1576 2305 1810 2348 Pontoppidan
1841 2305 1981 2339 Annali.
2013 2306 2095 2340 eccl.
2119 2308 2208 2341 Dan.
2234 2309 2261 2341 1.

444 2367 525 2402 ¹7⁷6.
574 2368 650 2401 Cfr.
675 2368 780 2400 Suhm
806 2367 897 2399 Hist.
921 2367 961 2399 af
979 2367 1125 2400 Danmk.
1150 2367 1212 2399 XI.
1238 2365 1318 2398 228.

1084 2466 1229 2515 1297.
2333 2484 2451 2525 1297.

311 2567 469 2617 [1497]
526 2567 670 2607 Literae
698 2566 929 2612 JouANNJs,
957 2564 1193 2603 Arusiensis
1222 2563 1417 2615 episcopi,
1445 2562 1590 2616 quibus
1620 2564 1788 2603 indicat:
1819 2564 2017 2605 dominum
2039 2565 2260 2606 Johannem
2296 2567 2330 2603 9.
2354 2570 2496 2605 Januar.

24 2637 276 2691 'Ascersiim
311 2637 460 2677 dictum
486 2637 618 2691 Kyyt,
662 2639 699 2677 in
729 2636 937 2690 praesentia
969 2635 1097 2688 ipsius
1127 2634 1406 2681 constitutum,
1449 2633 1621 2685 capitulo
1649 2634 1860 2674 Arusiensi
1897 2637 2043 2675 curiam
2074 2649 2186 2676 suam
2223 2638 2261 2676 in
2328 2658 2332 2665 ι

49 2706 178 2748 Enum
207 2711 406 2748 scotasse.
435 2731 489 2737 --
522 2709 663 2754 Aras„
695 2712 831 2760 quarta
860 2705 956 2744 feria
984 2705 1161 2756 proxima
1189 2706 1282 2756 post
1310 2701 1457 2755 Epiph.
1486 2702 1592 2742 dom.

441 2779 629 2820 Langebek
654 2777 795 2819 Scriptt.
819 2776 881 2808 VI.
906 2773 1076 2807 411—12.

312 2839 469 2889 [1498]
525 2840 671 2879 Literae
713 2838 955 2883 Jonmvms,
997 2836 1234 2874 Arusiensis
1277 2834 1479 2886 episcopi,
1523 2832 1668 2886 quibus
1712 2834 1928 2886 significat,
1972 2849 2018 2875 se
2050 2837 2261 2877 ecclesiam
2286 2845 2344 2879 28.
2360 2848 2513 2889 Augusti

49 2907 328 2957 Haethaenstat,
371 2923 573 2949 consensu
613 2909 939 2963 parochianorum
983 2904 1162 2958 ejusdem
1199 2903 1432 2950 accedente,
1481 2903 1652 2956 capitulo
1689 2904 1902 2944 Arusiensi
1939 2906 2170 2946 contulisse.
2207 2931 2261 2938 —

22 3008 24 3010 v
51 2979 194 3027 Arma,
222 2979 288 3020 die
315 2978 423 3019 beati
451 2980 670 3032 Augustini
700 2978 893 3032 episcopi.

443 3050 632 3091 Langebek
656 3048 796 3092 Scriptt.
821 3048 885 3081 Vl.
910 3045 990 3078 412.

312 3110 470 3160 [1499]
527 3111 672 3151 Literae
711 3110 904 3149 Orwoms
939 3107 1052 3146 ducis
1086 3104 1394 3143 Brunsvicensis
1429 3107 1470 3144 et
1505 3103 1851 3158 Luneburgensis,
1893 3106 2038 3159 quibus
2074 3120 2120 3146 se
2156 3106 2259 3147 bona
2291 3111 2325 3144 8.·
2351 3112 2482 3155 septbr.

51 3191 125 3219 sua
151 3178 399 3219 haereditaria
427 3182 493 3219 “in
521 3180 709 3233 parochia
739 3177 966 3230 Gerdinghe
995 3180 1034 3216 et
1063 3173 1306 3214 Thedinbole
1336 3177 1375 3213 et
1400 3173 1626 3227 ubicunque
1662 3176 1700 3214 in
1728 3175 1858 3215 Frisia
1887 3177 1965 3216 sita
1994 3181 2034 3216 et
2057 3178 2258 3231 jacentia”

50 3249 241 3290 avunculo
266 3263 340 3290 suo
367 3249 572 3290 Gherardo
595 3251 729 3289 comiti
754 3249 945 3288 Holsatiae
970 3245 1198 3285 vendidisse
1221 3247 1401 3284 testatur.
1425 3266 1476 3274 -
1498 3244 1575 3286 Die
1600 3246 1818 3285 nativitatis
1840 3250 1986 3287 sanctae
2001 3246 2136 3287 Mariae
2159 3249 2255 3300 virg.

441 3319 632 3353 Michelsen
657 3318 920 3353 Nordfriesland
945 3328 976 3362 p.
1004 3316 1078 3349 185.
