2649 3686
522 76 796 128 DnoNMNo
829 80 1110 131 MARGRETE
1146 98 1212 132 oo
1245 84 1401 134 Koma
1434 85 1565 134 Ean<
1599 101 1661 134 AF
1698 84 1964 135 Pommeax.
2045 71 2057 78 ’
2251 91 2346 140 353

402 248 562 298 [3024.]
619 248 768 290 Henrik
804 252 931 293 Judes
972 255 1213 304 Adelsbrev,
1257 256 1419 297 udstedt
1455 258 1499 297 as
1529 258 1647 311 Kong
1674 257 1801 298 Ειιικ.
1846 280 1896 286 -
1943 258 2077 308 Altus,
2121 259 2223 298 “sub
2252 274 2351 300 anno
2421 262 2536 303 1400.

135 318 283 358 domini
312 320 591 372 quatricesimo
621 320 718 360 seria
747 322 921 362 secunda
948 327 1126 376 proxima
1155 331 1245 366 ante
1274 327 1506 368 dominicam
1535 328 1744 368 Passionis
1772 328 1958 368 domini''.
2377 330 2429 364 12·
2452 331 2593 375 Apriliss·

529 389 688 422 Molbech
721 401 765 432 og
795 392 958 427 Petersen
994 396 1134 428 Danske
1169 396 1345 440 Diplomer
1374 399 1400 431 1.
1442 399 1598 442 102—3‚
1633 399 1718 433 hvor
1741 401 1862 432 Brevet
1904 399 2065 432 henfures
2101 398 2140 431 til
2173 401 2214 432 A.
2252 399 2349 432 1400.

523 451 719 484 Istedent'or
749 462 846 486 anno
873 455 1013 488 domim·
1045 458 1308 500 quatricesimo
1342 460 1404 492 bur
1433 460 1500 502 dog
1531 461 1702 494 udentvivl
1731 460 1832 494 laeses
1862 471 1924 494 an.
1959 461 2054 493 dom.
2093 460 2346 503 quadr-inqen-

530 512 662 546 eaen’mo
691 513 904 559 tricenium,
930 527 974 558 og
998 518 1159 553 saaledes
1184 520 1291 553 blivcr
1316 522 1358 554 da
1383 522 1474 555 detto
1498 525 1588 555 Brev
1612 526 1647 556 at
1673 523 1815 556 henfflre
1838 522 1877 555 til
1903 525 1974 556 Aar-
2001 523 2106 562 1430,
2139 523 2195 554 27.
2221 522 2350 556 Martii.

217 620 223 625 ι
396 574 554 623 [3025]
612 573 754 614 Pmm
785 576 924 617 Srossn
955 579 1030 628 (vel
1058 579 1202 631 Hor-tx)
1239 584 1417 635 armigeri
1452 588 1490 623 et
1526 586 1662 625 uxoris
1691 583 1781 639 ejus
1808 584 2091 625 Raraunum
2122 583 2236 622 literae
2266 583 2348 623 sun·
2377 590 2428 623 18.
2454 590 2595 634 Aprilis.

134 644 310 684 dationis
339 648 379 683 et
407 644 623 684 dotationis
651 649 847 698 perpetuae
876 649 1029 687 vicarioe
1059 649 1108 688 ad
1137 650 1256 690 altare
1285 653 1466 705 gloriosae
1495 656 1658 706 virginis
1694 656 1732 695 in
1768 654 1916 708 capella
1952 653 2079 694 saneti
2115 652 2275 705 Georgii
2311 654 2347 692 in

129 713 429 762 Sonderborch,
459 714 712 755 Ottoniensis
741 715 991 757 dioeceseos.
1024 740 1072 746 —
1104 719 1197 772 lpso
1227 721 1291 760 die
1320 723 1492 775 paschae.

525 784 762 828 Pontoppidan
786 786 927 819 Annull.
954 788 1076 821 eccles.
1104 791 1187 822 Dan.
1214 791 1257 825 11.
1282 791 1361 825 260.
1387 793 1558 827 532—33.
1605 794 1714 828 Falck
1739 794 1878 827 Samml.
1904 793 1966 826 111.
1990 792 2162 826 350—52.

393 846 552 896 [3026]
611 846 775 894 Literae,
821 846 965 900 quihus
995 849 1260 892 Olus-mamus
1299 866 1351 892 nr:
1382 853 1681 902 HYnnESDORP,
1725 855 1934 907 theologiae
1963 856 2165 907 professor
2201 859 2239 894 et
2267 869 2344 894 ma·
2403 861 2431 895 l.
2456 861 2553 903 Maji.

128 918 254 972 gister
288 931 432 970 regens
470 917 596 957 studii
632 916 950 970 ErphordensiS,
996 918 1305 962 Gothschalcum
1346 923 1394 963 de
1430 924 1569 972 Rode,
1613 926 1679 978 qui
1717 939 1785 979 per
1821 925 1979 978 aliquod
2015 928 2172 978 tempus
2201 926 2347 966 studiis

127 986 359 1041 Erphordiae
396 1001 555 1040 operam
594 986 777 1034 dederat,
821 987 998 1036 Ankaro,
1041 991 1220 1031 ministro
1256 995 1466 1045 provinciae
1502 994 1656 1043 Daciae,
1700 995 1960 1035 commendat.
1993 1017 2044 1024 —
2078 995 2345 1049 ErphanHae,

128 1057 194 1097 die
222 1061 353 1111 apost.
385 1056 561 1111 Philippi
591 1062 630 1096 et
659 1057 814 1097 Jacobi.
1028 1111 1030 1113 ι

523 1128 710 1170 Langebek
734 1127 876 1171 Scriptt.
902 1129 966 1161 VI.
991 1130 1070 1163 573.

391 1190 550 1239 [3027]
606 1189 848 1230 Bommcu
882 1189 1005 1242 (Ian)
1035 1205 1146 1245 papae
1176 1192 1303 1242 bulla,
1348 1207 1424 1248 qua
1454 1194 1658 1243 omnibus,
1689 1197 1756 1248 qui
1785 1196 1886 1235 sesto
1917 1197 2161 1236 ostensionis
2189 1197 2342 1250 reliqui·
2382 1200 2433 1234 15.
2467 1200 2565 1242 Maji.

127 1273 238 1301 arum
267 1259 478 1300 ecclesiam
509 1261 553 1299 S.
583 1259 788 1308 Laurentii
817 1260 1072 1301 Lundeusem
1102 1265 1299 1303 annuatim
1330 1263 1469 1303 devote
1498 1266 1757 1313 visitaverint,
1787 1269 1940 1318 septem
1971 1279 2096 1305 annos
2119 1270 2158 1304 et
2180 1266 2340 1306 totidem

127 1331 453 1385 quadragesimas
483 1331 531 1370 de
561 1331 751 1384 injunctis
777 1332 1036 1384 poenitentiis
1065 1318 1223 1372 rela'xat.
1267 1356 1313 1362 -
1355 1334 1496 1374 Romce
1531 1336 1645 1388 apud
1677 1344 1862 1376 sanctum
1897 1334 2089 1382 Petrum,
2134 1336 2186 1374 id.
2217 1335 2339 1389 Maji,

124 1401 264 1456 pontis.
295 1414 396 1441 anno
426 1401 649 1441 undecimo.

524 1471 731 1505 Sommelius
756 1471 798 1505 de
822 1471 946 1515 templo
970 1472 1144 1506 Lundensi
1169 1484 1200 1516 p.
1224 1472 1374 1507 62—64.
1422 1473 1529 1516 Bring
1551 1475 1703 1507 Monum.
1728 1475 1830 1507 Scan.
1854 1473 1932 1507 Vol.
1957 1474 1984 1507 1.
2010 1485 2043 1518 p.
2067 1475 2238 1509 96—100.

389 1544 548 1594 [3028]
606 1544 808 1585 PAEnnAEn
834 1545 1049 1585 Ninnsson
1081 1546 1157 1596 (ell.
1186 1546 1448 1596 NchEssiiN)
1479 1546 1535 1586 aff
1556 1546 1746 1586 stiiein
1769 1561 1791 1586 a
1814 1547 1944 1600 VVapn
1975 1562 2025 1600 og
2053 1548 2168 1600 Stigh
2197 1548 2339 1588 Paeter-
2385 1551 2438 1584 17.
2463 1551 2561 1593 Maji.

124 1620 201 1657 siin
229 1615 380 1656 Ridder
408 1614 586 1663 hevidne,
617 1619 658 1654 at
685 1615 850 1655 Bertold
878 1629 951 1655 van
982 1616 1051 1655 der
1080 1616 1209 1655 Osten
1238 1631 1287 1669 og
1316 1617 1490 1656 Husfrue
1518 1616 1709 1669 lngehorg
1737 1616 1861 1656 havde
1889 1617 2046 1669 nedlagt
2073 1617 2152 1657 600
2175 1617 2338 1670 Lybske

124 1685 239 1726 Mark
266 1686 310 1725 til
339 1690 399 1725 tro
429 1685 611 1740 Gjemme
639 1685 716 1725 hos
744 1685 900 1739 Biskop
929 1685 1057 1726 Paeter
1085 1686 1129 1725 as
1152 1686 1347 1727 Roskilde
1375 1701 1426 1740 og
1456 1686 1624 1740 Capitlet
1651 1687 1926 1726 sammesteds.
1953 1709 2001 1715 --
2034 1687 2219 1726 Secunda
2243 1687 2336 1726 feria

123 1760 220 1810 post
246 1756 392 1796 festum
417 1754 624 1795 beatorum
652 1755 771 1796 Nerei
801 1760 841 1795 et
870 1755 1042 1796 Achillei
1070 1760 1295 1809 martyrum.

518 1826 664 1859 Danske
687 1826 849 1869 Magazin
872 1828 935 1860 1V.
961 1838 993 1870 p.
1017 1828 1167 1860 307—8.

385 1886 544 1937 [3029]
602 1887 764 1935 Literae,
810 1887 952 1942 quibus
981 1888 1212 1929 Jonamvns
1240 1888 1494 1936 Pmffitsrox,
1536 1887 1640 1928 filins
1667 1887 1823 1928 Akonis
1858 1888 2101 1940 cognominis
2136 1887 2334 1941 ejusdem,
2381 1892 2437 1926 26.
2462 1892 2559 1933 Maji.

123 1973 173 2000 ex
207 1972 408 2000 consensu
442 1959 602 2006 matris,
638 1957 855 2006 Katerinae,
892 1958 1164 2007 donationem,
1200 1973 1271 2012 per
1300 1972 1414 1998 avum
1442 1962 1659 1998 maternum
1689 1958 1836 2011 ipsius,
1879 1958 2095 1997 Johannem
2125 1957 2334 2005 Semundi‚

122 2030 163 2070 in
192 2029 367 2070 favorem
395 2029 625 2068 monasterii
643 2028 705 2067 'de
732 2026 946 2068 Ehbleholt
974 2028 1140 2078 saetam,
1172 2029 1385 2069 confirmat.
1415 2050 1470 2058 —-
1498 2027 1540 2067 In
1569 2027 1697 2080 vigilia
1725 2029 1971 2068 ascensionis
2000 2027 2157 2067 domini.

475 2099 663 2141 Langebek
686 2098 829 2142 Scriptt.
854 2100 917 2133 VI.
946 2099 1022 2132 175.

386 2160 546 2210 [3030]
602 2160 844 2207 pridnelse
873 2174 956 2208 om,
999 2165 1040 2200 at
1067 2160 1202 2200 Nlms
1231 2160 1440 2206 Jowssiim,
1482 2158 1638 2198 Kannik
1665 2160 1677 2198 i
1707 2158 1825 2198 Arws
1856 2173 1905 2211 og
1932 2158 2166 2198 Forstander
2203 2160 2214 2197 i
2253 2159 2327 2199 den
2370 2165 2426 2198 31,
2451 2164 2548 2206 Maji.

119 2231 252 2285 Hellig
272 2230 413 2271 Aands
441 2230 532 2270 Hus
563 2230 843 2278 sammesteds,
874 2231 966 2271 med
995 2230 1094 2270 fuldt
1123 2229 1391 2282 Thingsvidne
1419 2229 1490 2268 har
1518 2229 1728 2283 godtgjort,
1758 2232 1797 2268 at
1827 2228 1894 2267 der
1922 2230 1933 2267 i
1959 2228 2006 2266 de
2028 2228 2154 2268 sidste
2177 2228 2229 2267 40
2251 2230 2331 2268 Aar

119 2303 210 2343 ikke
248 2316 290 2343 er
325 2304 458 2341 svaret
493 2314 620 2353 nogen
656 2300 813 2354 Leding
847 2301 892 2341 as
923 2301 972 2341 de
1002 2300 1157 2340 Gaarde
1197 2301 1209 2339 i
1237 2299 1420 2346 Rolstet,
1463 2312 1549 2338 som
1586 2298 1743 2338 tilhiirer
1772 2298 1846 2338 den
1876 2297 2004 2349 Hellig
2031 2298 2171 2338 Aands
2201 2297 2331 2337 Gaard

118 2374 131 2412 i
158 2373 292 2413 Arws.
324 2394 374 2401 —
408 2370 740 2423 Stiffrz'nqllerz‘ts
774 2370 954 2425 Thivquz,
991 2369 1185 2422 mandagh
1214 2373 1304 2409 nest
1331 2368 1441 2408 aefter
1469 2381 1573 2408 wars
1601 2367 1731 2422 herrael
1749 2366 2003 2406 Hemelsarth.

513 2440 703 2482 Langebek
725 2440 867 2484 Scriptt.
892 2441 956 2475 VI.
980 2441 1059 2473 486.

379 2501 538 2552 [3031]
596 2501 827 2542 Jonamvsss
879 2501 1097 2542 Tanarum
1142 2502 1241 2541 civis
1282 2499 1513 2539 Haffnensis
1562 2498 1720 2538 domino
1762 2497 1912 2536 Ascero
1960 2499 2099 2536 rectori
2149 2498 2326 2538 ecclesiae
2364 2499 2420 2532 29·
2445 2500 2550 2534 Junii.

112 2572 321 2626 Blisthorp
348 2571 453 2613 bona
482 2585 558 2612 sua
587 2573 628 2611 in
655 2571 827 2625 Waeyhy
855 2573 894 2611 in
923 2570 1217 2611 Holmbohaeret
1246 2572 1325 2610 sita
1354 2574 1393 2609 et
1423 2569 1599 2609 ecclesiae
1627 2566 1821 2619 W⁷aeghby
1850 2570 1946 2620 “pro
1972 2572 2138 2619 quatuor
2159 2567 2329 2607 marchis

114 2645 265 2696 argenti
295 2645 334 2683 in
363 2642 453 2682 alba
480 2646 641 2682 moneta
668 2641 773 2682 bona
801 2644 840 2680 et
868 2641 998 2680 dativa
1027 2639 1294 2694 inpignerata”
1322 2639 1476 2692 plenam
1506 2642 1546 2676 et
1573 2636 1729 2676 liberam
1760 2635 1827 2675 dat
1856 2640 1896 2675 et
1916 2636 2067 2676 confert
2088 2640 2326 2688 potestatem

112 2712 341 2753 redimendi.
370 2735 426 2742 —
454 2711 549 2766 Ipso
579 2712 643 2752 die
670 2713 797 2752 sancti
826 2710 939 2751 Pauli
968 2710 1139 2764 apostoli
1170 2714 1211 2749 et
1237 2709 1421 2761 martyris
1449 2707 1633 2761 preciosi.

510 2781 701 2824 Langebek
724 2781 863 2825 Scriptt.
889 2781 951 2813 lx.
1000 2804 1008 2812 .
1044 2780 1126 2813 Cod.
1151 2780 1287 2812 Esrom.
1312 2778 1374 2811 fol.
1400 2776 1579 2812 CXXVII.

136 2893 144 2900 .
374 2843 536 2893 [3032]
592 2842 761 2884 Ermum
804 2842 1210 2882 BRocKs-Dar‘rssns
1255 2839 1463 2879 Gavebrov
1504 2851 1580 2890 paa
1621 2836 1772 2877 hendes
1810 2836 1924 2876 Gods
1960 2838 1972 2876 i
2007 2836 2144 2891 Nyrup
2173 2839 2185 2877 i
2214 2838 2326 2878 Arts-
2363 2837 2417 2872 25-
2451 2839 2550 2872 Julii.

113 2911 269 2954 Herred
296 2912 340 2953 til
368 2913 453 2954 Vor
480 2913 608 2954 Frues
636 2912 749 2952 Alter
774 2913 786 2950 i
811 2911 893 2950 Vor
914 2911 948 2949 F
949 2924 1017 2949 rue
1041 2909 1163 2949 Kirke
1189 2911 1199 2948 i
1223 2908 1504 2960 Kallundborg.
1536 2929 1585 2936 —
1621 2905 1910 2960 Callundborq,
1940 2906 2004 2946 die
2025 2906 2165 2947 Jacobi
2193 2912 2323 2960 apost.

509 2982 741 3026 Pontoppidan
766 2980 902 3014 Annall.
929 2979 1010 3012 eccl.
1037 2981 1126 3011 Dan.
1152 2979 1196 3012 11.
1222 2990 1253 3022 p.
1277 2976 1449 3011 261—62.

376 3044 536 3094 [3033]
593 3044 721 3084 Emer
760 3043 863 3094 regis
900 3044 1212 3092 transsumptum
1251 3040 1449 3079 literarum
1487 3052 1606 3092 supra
1643 3038 1718 3079 sub
1755 3052 1818 3078 no.
1857 3037 1976 3078 2675.
2014 3037 2226 3078 allatarum.
2271 3060 2323 3067 ——
2366 3040 2421 3072 28.
2447 3039 2542 3073 Julii.

112 3114 300 3156 Profesto
328 3114 367 3154 b.
399 3114 516 3154 Olavi
544 3114 649 3166 regis
678 3115 718 3151 et
745 3114 856 3150 mart.
885 3110 980 3162 glor.

509 3183 614 3216 Sulun
640 3181 732 3215 nist.
756 3181 796 3213 af
816 3180 964 3212 Danmk.
989 3180 1085 3212 Xlll.
1111 3178 1283 3212 871—72.

186 3248 313 3283 Regnat.
333 3248 409 3276 Dan.
428 3247 450 3275 1.
2014 3243 2064 3281 45
