2649 3686
1109 85 1390 136 864-865.
1653 79 1659 83 ’
1974 158 1977 162 Δ
2323 84 2356 132 3

539 259 660 292 Annal.
693 259 774 292 eccl.
808 260 850 292 ad
875 270 951 293 ann.
975 261 1055 293 858.
1081 263 1161 293 tom.
1185 261 1283 294 XIV.
1320 258 1350 302 p.
1378 258 1455 290 478.
1514 256 1627 297 Lunig
1651 257 1689 288 Τ.
1715 256 1757 288 R.
1783 257 1823 288 A.
1856 255 1921 287 vol.
1948 255 2043 287 XVI.
2078 253 2188 297 spicil.
2221 255 2302 286 eccl.
2328 256 2353 286 1.

539 321 637 353 cont.
678 321 691 352 1
731 321 818 354 Aah.
855 334 886 365 p.
923 323 1071 355 73-71.
1131 323 1311 366 stapam-st
1346 319 1428 353 hist.
1465 318 1546 352 eccl.
1572 318 1691 351 Hamb.
1717 319 1744 351 1.
1771 316 1892 359 Theil,
1933 316 1961 349 l.
1997 316 2109 357 Band,
2146 327 2177 359 p.
2210 316 2355 347 *ll—ll.

539 383 603 415 cfr.
632 394 662 426 p.
692 383 883 417 109-110.
937 384 1111 426 Liljcgren
1155 383 1373 428 Diplomatar.
1406 384 1547 415 Svecan.
1581 381 1606 413 1.
1640 390 1694 412 no.
1724 379 1758 412 6.
1799 390 1830 422 p.
1861 378 1988 411 9—12.
2037 378 2161 411 Latine
2192 381 2226 410 et
2258 380 2355 410 Svec.

541 455 595 487 ap.
621 445 849 488 Arrhenium,
873 446 945 479 vita
968 447 1140 480 Ansehar.
1166 457 1200 490 p.
1229 444 1378 478 82—89.
1434 443 1524 487 Epit.
1554 442 1588 475 in
1616 441 1788 475 Rembcrti
1811 440 1879 473 vita
1898 439 2080 473 Anscharii
2103 439 2161 482 (S.
2190 440 2232 471 R.
2264 441 2358 487 111.

539 507 642 551 467.)
671 510 706 540 et
738 507 790 541 in:
829 509 1020 542 Gn-unlands
1048 509 1129 543 hist.
1154 508 1335 542 Mindesm.
1361 508 1420 540 111.
1445 506 1502 538 70.
1562 505 1637 538 Cl'r.
1662 503 1847 546 Langebek
1872 502 2009 546 Scriptt.
2034 504 2061 536 1.
2087 513 2118 545 p.
2143 501 2212 534 519
2235 505 2303 534 not.
2328 512 2358 533 n.

1201 632 1315 682 861.

409 753 474 805 [7.]
532 753 712 794 ΝιοοιΑι
753 753 844 806 (lini)
881 770 992 810 papa:
1030 756 1202 810 capitula
1229 754 1532 808 responsionum
1563 752 1612 792 ad
1642 752 1878 804 legationem
1907 751 2135 789 Salomonis
2165 750 2359 803 episcopi.

148 825 263 863 missi
293 839 315 864 a
354 824 558 865 Ludovico
587 824 823 865 Germanico
853 841 957 878 rege.
1014 827 1110 877 “X.)
1140 827 1217 866 Pro
1251 839 1342 877 rege
1371 824 1592 870 Danorum,
1628 824 1693 876 qui
1731 823 1840 861 vovit
1877 825 2011 860 votum
2040 820 2116 860 deo
2152 825 2192 860 et
2220 824 2357 859 sancto

149 893 290 942 Petro,
327 897 474 948 gratias
505 896 659 948 agimus
689 896 818 934 eidem
848 896 944 943 deo,
975 896 1235 950 deprecantes
1262 896 1432 948 pariter,
1469 897 1532 941 ut,
1562 893 1668 946 quod
1698 892 1814 931 nobis
1843 892 1892 931 de
1923 891 2105 930 Cornelio
2132 891 2358 929 centurione

150 964 327 1012 refertur,
358 966 479 1005 saciat
508 980 665 1019 quoque
695 966 908 1006 clementer
937 967 986 1007 de
1015 967 1090 1006 hoc
1118 968 1155 1006 in
1185 967 1362 1020 proximo
1393 978 1467 1003 nos
1496 963 1645 1002 audire.
1702 963 1774 1002 Cui
1806 963 2006 1015 orationes
2035 965 2076 1001 et
2098 962 2359 1013 eleemosyna¹

151 1036 227 1072 etsi
257 1039 347 1075 ante
376 1036 617 1089 baptismum
647 1050 722 1075 non
752 1036 981 1089 prosuerunt
1008 1037 1057 1076 ad
1087 1036 1311 1076 diluendam
1342 1036 1606 1088 impietatem,
1636 1032 1865 1086 prosuerunt
1888 1037 2018 1071 tamen
2047 1031 2097 1071 ad
2122 1045 2359 1084 cognoscen-

150 1103 237 1143 dam
269 1107 564 1146 veracissimam
592 1107 822 1159 pietatem'’.
853 1129 901 1134 —
933 1107 1030 1146 Sine
1059 1121 1174 1146 anno-

542 1177 658 1210 Baluz.
691 1176 917 1210 Miscellanea
940 1179 985 1211 V.
1011 1177 1212 1219 479—4853
1247 1177 1311 1210 cfr.
1336 1177 1442 1210 Suhm
1467 1175 1557 1209 Hist.
1584 1175 1624 1207 af
1643 1177 1763 1208 Danm.
1788 1176 1831 1208 11.
1857 1174 1925 1208 218
1957 1177 1991 1208 et
2014 1173 2198 1216 Langebek
2224 1171 2359 1214 scripu.

542 1241 568 1272 1.
594 1251 626 1283 p.
651 1239 719 1271 547
739 1242 808 1272 not.
834 1238 918 1282 (ἢ),
951 1250 982 1283 p.
1007 1239 1076 1271 550
1100 1242 1168 1271 not.
1195 1237 1261 1282 (ἢ)
1287 1250 1320 1282 p.
1345 1240 1413 1271 558
1439 1242 1507 1271 not.
1533 1237 1611 1281 (u).
1772 1232 1776 1235 ’

412 1300 477 1352 [8.]
533 1300 713 1341 Νιοοῐ.Αι
738 1299 834 1352 (1¹⁰¹)
856 1315 967 1354 papae
989 1301 1039 1341 ad
1061 1300 1249 1339 Horicum
1270 1300 1407 1339 Dauizc
1432 1313 1562 1352 regem
1587 1299 1778 1352 epistola,
1809 1299 1875 1338 ubi
1898 1298 2015 1338 refert
2037 1312 2083 1337 se
2105 1309 2246 1348 magno
2274 1309 2360 1333 cum

152 1369 296 1421 gaudio
326 1370 578 1411 Salomonem
608 1372 841 1425 episcopum
870 1372 1100 1424 accepisse,
1143 1372 1210 1424 qui
1239 1384 1262 1409 a
1291 1385 1383 1422 rege
1412 1369 1617 1409 Ludovico
1647 1371 1799 1409 missus
1827 1373 1895 1408 “et
1922 1381 2081 1423 munera
2111 1371 2178 1406 tua
2208 1365 2361 1405 obtulit.

153 1440 270 1479 etde
300 1441 375 1480 fide
405 1446 489 1489 tua,
534 1456 649 1495 quam
685 1443 803 1481 etiam
842 1446 933 1481 ante
969 1441 1158 1495 baptismi
1196 1441 1361 1492 gratiam
1397 1454 1466 1493 per
1506 1441 1809 1492 praevenientem
1847 1439 1910 1478 dei
1940 1437 2251 1478 misericordiam
2277 1438 2361 1489 jam

155 1511 299 1550 habere
329 1511 570 1560 dinosceris,
610 1527 685 1552 nos
712 1513 921 1566 plurimum
951 1504 1222 1551 exhilaravit’'.
1291 1511 1446 1550 Deinde
1475 1510 1653 1564 pluribus
1682 1510 1815 1550 verbis
1845 1523 1933 1549 eum
1972 1510 2119 1560 (regem
2157 1507 2361 1555 Horicum)

154 1582 190 1618 in
222 1581 296 1620 lide
326 1576 483 1622 manere
512 1587 552 1622 et
581 1583 685 1622 idola
713 1583 932 1636 relinquere
961 1582 1150 1621 hortatur.
1181 1605 1228 1609 —
1261 1582 1357 1620 Sine
1385 1595 1500 1620 anno.

546 1653 699 1687 Bolland.
724 1655 810 1686 Aeta
833 1657 987 1686 sanctor.
1013 1653 1113 1686 Febr.
1139 1654 1234 1685 Tom.
1259 1654 1287 1686 1.
1311 1663 1351 1701 J).
1376 1653 1456 1685 407.
1503 1651 1591 1684 Phil.
1617 1652 1735 1684 Caesar·
1758 1650 1912 1693 triapost.
1937 1651 2100 1692 septentr.
2135 1646 2191 1690 (in
2215 1645 2361 1679 Fabricii

547 1715 720 1749 memoriis
744 1715 930 1757 Ramburg.
953 1717 1049 1748 Tom.
1073 1717 1116 1748 11.
1149 1726 1180 1758 p.
1206 1714 1402 1758 772—74).
1461 1714 1640 1757 &aphni-st
1663 1713 1755 1746 nist.
1782 1712 1875 1745 Eecl.
1899 1712 2019 1744 Hamb.
2043 1712 2070 1743 I.
2095 1709 2212 1750 Thess,
2249 1708 2277 1741 l.
2303 1709 2363 1740 Bd.

547 1788 579 1820 p.
602 1776 749 1810 52—53.
796 1777 1029 1820 Pontoppidan
1054 1777 1194 1810 Annall.
1220 1777 1302 1810 eccl.
1327 1779 1416 1810 Dan.
1441 1777 1469 1809 Ι.
1491 1776 1638 1808 42-11.
1685 1777 1822 1808 Miinter
1845 1773 2110 1815 Kirchengesch.
2139 1783 2202 1804 von
2222 1774 2363 1804 Danem.

549 1850 581 1872 u.
606 1841 792 1880 Norwegen
816 1840 842 1872 1.
868 1840 1039 1872 578—80.
1088 1840 1161 1872 Csr.
1189 1839 1292 1872 Suhm
1318 1838 1409 1871 nist.
1435 1839 1475 1870 af
1494 1840 1612 1870 Danm.
1638 1839 1681 1870 11.
1707 1837 1785 1869 218.
1811 1837 1891 1869 211.

416 1901 482 1951 [9.]
539 1900 755 1940 ΑΝεῡΑιιιι
785 1901 1077 1954 archiepiscopi
1105 1901 1156 1939 ad
1185 1915 1325 1940 omnes
1353 1900 1533 1940 ecclesiae
1562 1899 1755 1952 praesules
1785 1899 1851 1937 “in
1881 1911 1999 1949 regno
2024 1897 2212 1936 duntaxat
2233 1895 2364 1934 Ludo-

154 1972 229 2008 vici
261 1972 391 2021 regis*
430 1972 622 2025 epistola,
674 1971 740 2010 ubi
776 1972 959 2011 refertur:
1010 1971 1192 2010 Ebonem
1224 1971 1467 2010 Remensem
1503 1969 1847 2022 archiepiscopum
1885 1967 2130 2020 temporibus
2169 1965 2362 2004 Ludovici

156 2042 406 2093 imperatoris
459 2043 589 2090 (‘·'cum
634 2055 836 2081 consensu
879 2042 1008 2094 ipsius
1038 2055 1085 2080 ac
1121 2055 1223 2094 pene
1253 2043 1378 2081 totius
1421 2042 1529 2093 regni
1568 2042 1657 2092 ejus
1693 2038 1835 2092 synodi
1873 2038 2159 2089 congregatzc’')
2195 2036 2361 2075 Romam

155 2110 328 2165 adiisse,
372 2111 506 2164 ibique
543 2125 566 2151 a
608 2111 795 2151 Paschali
838 2125 940 2164 papa
985 2111 1209 2164 “publicam
1252 2111 1549 2163 evangelizandi
1594 2110 1792 2148 licentiam
1837 2110 1876 2148 in
1917 2107 2097 2161 partibus
2140 2105 2363 2159 aquilonis-'⁴

156 2183 386 2233 accepisse,
431 2182 574 2221 deinde
616 2181 862 2221 Ludovicum
906 2182 1182 2234 imperatorem
1224 2181 1301 2221 hoc
1344 2195 1446 2234 opus
1490 2180 1730 2219 sublimasse
1774 2184 1814 2218 et
1849 2181 1886 2217 in
1931 2178 2132 2224 omnibus,
2185 2190 2268 2228 quae
2311 2176 2358 2212 ad

156 2252 391 2302 legationem
422 2253 733 2306 amplificandam
762 2253 1020 2305 pertinerent,
1049 2251 1197 2303 largum
1227 2266 1272 2291 se
1301 2251 1533 2305 prmbuisse.
1597 2249 1751 2288 Deinde
1780 2253 1891 2300 rogat
1919 2248 2264 2300 archiepiscopus,
2295 2249 2362 2282 “ut

155 2322 260 2373 apud
304 2322 419 2361 deum
464 2322 738 2368 intercedatis,
784 2325 978 2374 quatenus
1016 2320 1098 2359 haec
1135 2321 1281 2373 legatio
1317 2335 1496 2360 crescere
1533 2324 1573 2359 et
1615 2319 1846 2365 fructificare
1883 2321 2076 2356 mercatur
2116 2318 2153 2355 in
2191 2315 2361 2353 domino.

156 2392 243 2430 Jam
289 2393 391 2430 enim
437 2415 484 2420 —
530 2397 570 2432 et
612 2393 718 2446 apud
746 2393 884 2431 Dauos
926 2395 967 2430 et
1001 2391 1106 2444 apud
1135 2391 1316 2430 Sveones
1353 2391 1500 2430 Christi
1538 2388 1698 2428 fundata
1736 2392 1800 2427 est
1828 2388 2020 2433 ecclesia,
2065 2390 2104 2425 et
2133 2385 2363 2425 sacerdotes

159 2463 309 2514 absque
338 2462 603 2516 prohibitione
632 2464 789 2516 proprio
817 2463 1025 2513 funguntur
1054 2461 1224 2499 officio'⁷.
1255 2482 1303 2487 —
1335 2462 1430 2499 Sine
1460 2474 1574 2498 anno.

552 2533 702 2566 Bolland.
728 2536 813 2565 Acta
838 2536 990 2564 sanctor.
1013 2531 1178 2565 Februar.
1204 2532 1299 2562 Tom.
1330 2532 1356 2563 1.
1396 2541 1427 2572 p.
1454 2529 1530 2561 10⁷1.
1579 2529 1667 2561 Phil.
1694 2530 1810 2561 Caesar
1834 2528 1874 2560 de
1899 2528 2085 2571 triapostol.
2113 2531 2273 2571 septentr.
2308 2526 2364 2567 (in

553 2595 701 2628 Fabricii
741 2593 913 2627 memoriis
946 2593 1129 2634 Hamburg.
1169 2593 1211 2625 11.
1248 2591 1443 2634 764—65).
1512 2591 1689 2633 Staphorst
1726 2590 1814 2622 Hist.
1847 2590 1940 2623 Eecl.
1972 2591 2154 2631 Hamburg.
2188 2591 2213 2622 1.
2247 2588 2364 2625 Theil,

556 2657 569 2688 l
597 2658 657 2690 Bd.
683 2668 714 2700 p.
740 2656 888 2689 59—60.
947 2655 1121 2697 Liljegren
1146 2653 1365 2696 Diplomatar.
1399 2656 1582 2685 Sveeanum
1616 2654 1641 2684 Ι.
1673 2663 1727 2684 no,
1760 2653 1791 2683 7.
1825 2663 1855 2694 p.
1886 2653 1936 2685 13.
1986 2653 2059 2685 cn.
2085 2653 2188 2685 Suhm
2214 2651 2365 2684 Historie

553 2720 592 2751 af
613 2719 785 2752 Danmark
812 2720 853 2751 11.
887 2717 965 2750 245.

1201 2857 1312 2907 865.

422 2983 514 3034 [10].
571 2983 755 3024 ΝιοοιΑῐ
788 2981 879 3034 (Ιωῑ)
909 2997 1018 3036 papae
1048 2982 1171 3027 bulla,
1210 2995 1284 3033 qua
1315 2972 1560 3019 Rimber‘tum
1590 2980 1931 3034 archiepiscopum
1961 2979 2362 3031 Hammaburgenscm

162 3057 255 3104 post
284 3057 447 3093 mortem
477 3054 662 3105 Ansgarii
692 3055 917 3100 constituit,
947 3053 1184 3106 palliumque
1213 3052 1250 3090 ei
1279 3051 1411 3089 mittit.
1441 3073 1489 3078 -
1522 3050 1562 3089 In
1594 3065 1731 3090 mense
1753 3051 1984 3097 Decembri,
2015 3049 2226 3090 indictione
2256 3047 2364 3087 XIV.

554 3124 734 3167 Staphorst
758 3123 846 3156 nist.
870 3124 962 3158 Eeel.
988 3123 1170 3165 Hamburg.
1228 3122 1253 3154 1.
1280 3121 1341 3153 Th.
1371 3120 1384 3152 Ι
1418 3121 1478 3153 Bd.
1510 3132 1540 3163 p.
1569 3120 1717 3154 65-66.
1776 3120 1948 3163 Liijegren
1971 3119 2151 3162 Diplomat.
2177 3112 2312 3152 Sve'can.
2340 3117 2366 3149 l.

558 3195 610 3218 no,
636 3186 669 3217 8.
695 3196 725 3228 p.
757 3185 899 3219 1:3-14,

2441 648 2491 687 So
2504 650 2532 686 1.

2449 2880 2541 2919 865.

2434 2983 2553 3016 Decbr.
