2649 3686
1003 140 1157 189 Koxo
1194 139 1349 190 omn.
2177 146 2274 194 325

74 307 267 347 Johannis
297 306 389 344 dicti
418 305 590 353 Skriue.‚
621 321 643 347 a
672 307 880 361 Henningo
911 311 958 351 (le
989 312 1173 352 Potbosk
1202 314 1344 360 milite,
1375 312 1548 365 dapifero
1578 314 1681 363 regis
1713 311 1934 359 Damnum,
1965 312 2083 351 Petro
2114 313 2275 366 Lykke,
2351 315 2464 355 1:385.

74 376 347 418 archidiacono
378 375 656 425 Roskildensi,
687 378 849 418 Ncolao
883 381 1040 433 Draglie
1064 384 1280 436 justitiario
1311 384 1454 422 domini
1486 384 1591 433 regis
1620 386 1659 421 et
1688 386 1855 434 quatuor
1883 383 1971 421 aliis
2002 383 2171 430 sactum,
2216 385 2276 423 (lie
2323 383 2356 415 2·
2391 384 2486 422 Maji.

72 460 183 501 prox.
211 449 307 499 post
335 445 480 484 festum
511 445 684 499 Philippi
714 453 752 487 et
782 448 919 489 Jacobi
949 452 1011 492 die
1040 446 1210 506 placitali
1239 458 1277 493 et
1306 454 1491 494 Slaulosc
1520 452 1667 499 inerret,
1696 466 1797 492 anno
1832 452 1979 500 1385.].
2022 474 2075 481 —
2114 453 2276 505 Nes-by,

72 517 244 557 cFastino
272 515 445 568 Philippi
477 519 517 554 et
546 515 698 556 Jacobi.

462 586 551 618 Dan.
577 585 736 620 Biblioth.
764 587 823 621 Ill.
854 588 1043 624 169—171.

331 646 489 695 [2770]
549 647 793 688 “JOHANMS
837 653 1016 704 episcopi
1060 653 1328 692 Slcsvicensis
1371 654 1510 699 literm,
1563 653 1710 706 quibus
1752 653 2076 706 permutationem
2119 653 2277 705 capellae
2317 658 2497 692 15..1nn;;.

69 718 140 758 8¹⁸³
164 716 298 756 Mariae
334 717 370 755 in
402 715 556 769 Caleby
585 731 673 757 cum
704 719 871 759 ecclesia
909 722 1122 773 parochiali
1154 724 1351 762 Broaeker
1380 725 1478 762 inter
1508 724 1640 775 ipsum
1673 727 1711 762 et
1741 723 1944 762 Nicolaum
1974 723 2153 761 comitem
2184 722 2275 761 Hol-

67 788 176 828 satiae
207 787 349 826 saetam
380 786 508 826 fuisse
539 786 691 833 fatetur,
723 794 920 829 reservato
949 795 1077 831 tamen
1108 792 1183 831 sibi
1214 794 1430 846 episcopali
1455 793 1584 845 jure'’.
1613 814 1662 822 -
1694 793 1742 833 Iu
1771 793 2032 833 Novae-astro
2063 792 2268 844 (Xychus)

68 856 242 898 die-Viti
270 858 467 909 martyris.

460 927 550 970 Epit.
576 938 629 970 ap.
654 929 886 971 Wcstplialen
912 931 1064 963 Menum.
1090 930 1176 964 incd.
1203 933 1263 964 lv.
1288 931 1390 964 3181.
1415 941 1470 964 no.
1494 931 1551 964 26.

328 988 485 1038 [2771.]
542 988 683 1028 Literae
721 989 932 1036 Nicomi,
976 994 1052 1030 veri
1090 993 1257 1031 liaeredis
1294 992 1462 1031 ducatus
1497 993 1634 1039 Jutiae,
1677 993 1831 1031 comitis
1867 992 2056 1032 Holsatiae
2094 997 2134 1032 et
2168 993 2276 1032 Stor-
2315 997 2366 1031 16.
2399 999 2494 1032 Julii.

65 1061 211 1106 mariae,
255 1059 402 1112 quibus
438 1059 678 1098 monasterio
714 1061 1064 1100 sanctimonialium
1103 1064 1138 1100 in
1170 1062 1285 1101 Holm
1324 1075 1447 1115 prope
1482 1064 1679 1101 civitatem
1709 1062 2011 1101 sleswicensem
2036 1064 2106 1116 jus
2144 1067 2271 1116 patro-

66 1134 182 1171 natus
213 1131 250 1169 in
281 1129 471 1183 capellam
500 1128 538 1168 h.
570 1129 702 1169 Mariae
732 1130 891 1182 virginis
920 1133 955 1170 in
988 1131 1170 1184 Kalebuy
1200 1132 1361 1170 confert.
1400 1153 1449 1159 -
1495 1132 1543 1171 In
1572 1132 1693 1172 Novo
1726 1130 1896 1180 Castro,
1941 1134 2147 1186 “sequenti
2184 1133 2269 1172 die”

64 1203 138 1252 (sc.
167 1201 249 1240 Viti
278 1201 494 1252 martyris).

457 1268 687 1312 VVestplialen
713 1270 865 1301 Manum.
889 1268 977 1302 ined.
1003 1269 1063 1302 111.
1087 1270 1166 1303 373.
1222 1270 1294 1304 Csr.
1327 1271 1446 1304 literas
1479 1271 1631 1314 proxime
1667 1271 1894 1314 proecedentes
1920 1274 1953 1304 et
1977 1271 2081 1305 Sulim
2108 1271 2197 1304 nist.
2232 1273 2272 1304 at'

454 1332 602 1365 Danmk.
626 1331 725 1362 XIV.
754 1331 828 1363 151.

322 1393 478 1442 [2772]
536 1393 678 1432 Literae
707 1392 968 1446 prohibitoriae
1007 1392 1140 1432 Omvr
1171 1395 1297 1445 regis,
1341 1408 1389 1433 ne
1433 1395 1522 1447 quis
1565 1392 1667 1433 hona
1711 1395 1933 1432 monasterii
1976 1395 2011 1432 in
2055 1393 2525 1442 Elilileliolt13.Aug-ustz.

62 1469 241 1518 usurpet.
270 1487 321 1493 ——
352 1463 607 1511 ΗιόνΙΙιοίηι,
640 1463 702 1502 die
732 1461 769 1506 b.
798 1461 947 1514 Ypoliti
976 1464 1249 1516 sociorumque
1278 1465 1380 1517 ejus.

453 1533 638 1575 Langebek
664 1533 804 1576 Scriptt.
829 1533 892 1565 VI.
921 1533 1017 1564 173-
1031 1534 1086 1566 74.

323 1595 481 1645 [2773]
538 1595 700 1641 Literae,
731 1593 874 1647 quibus
905 1594 1077 1633 OLAst
1108 1608 1173 1633 rex
1201 1595 1437 1634 monasterio
1468 1598 1506 1633 et
1536 1595 1734 1634 canonicis
1764 1595 1799 1633 in
1829 1593 2042 1634 Ebbleholt
2064 1595 2264 1648 adjudicat
2293 1604 2343 1636 13.
2365 1604 2523 1645 Augusti.

62 1665 190 1705 locum
220 1665 391 1706 taberuae
421 1667 458 1705 in
488 1665 674 1704 nundinis
705 1665 866 1704 Scaniir.
896 1687 948 1692 --
979 1664 1230 1712 Hiortlwlm,
1261 1664 1322 1704 die
1351 1664 1390 1704 h.
1421 1664 1582 1718 Ypoliti.

455 1735 641 1777 Langebek
669 1735 805 1778 Scriptt.
829 1735 892 1767 VI.
920 1734 995 1767 174.

319 1797 478 1847 [2774]
536 1798 720 1837 JOANMS
751 1797 927 1849 episcopi
957 1796 1221 1835 slesvicensis
1250 1796 1489 1834 confirmatio
1519 1809 1640 1848 super
1669 1796 1875 1835 collatione
1899 1797 2002 1849 juris
2032 1800 2262 1848 patronatus
2287 1798 2342 1830 20.
2371 1800 2510 1832 Octobr.

58 1869 97 1913 in,
117 1868 308 1921 capellam
330 1867 366 1907 b.
390 1868 552 1919 virginis
575 1868 611 1906 in
636 1866 807 1918 Kaleby,
831 1867 1066 1906 monasterio
1093 1865 1444 1905 sanctimonialium
1471 1866 1506 1904 in
1534 1865 1648 1904 Holm
1678 1879 1799 1918 prope
1821 1867 2016 1904 civitatem
2041 1866 2259 1904 Slesvicen-

58 1953 144 1979 sem
167 1938 370 1979 a'Nicolao
392 1939 533 1977 comite
548 1937 737 1976 Holsatiae
763 1937 875 1976 facta.
903 1958 949 1965 —
977 1935 1215 1987 Sclaeleswzy,
1245 1936 1281 1973 in
1307 1935 1405 1988 prof.
1433 1939 1654 1974 sanctarum
1679 1935 1854 1974 undecim
1882 1935 2038 1973 millium
2057 1936 2260 1985 virginum.

453 2007 688 2051 VVestphalen
709 2008 859 2038 Monum.
885 2005 971 2038 ined.
998 2006 1059 2038 111.
1083 2005 1254 2037 373—74.
1280 2006 1342 2037 cfr.
1369 2004 1449 2036 ibid.
1476 2006 1570 2037 Tom.
1598 2006 1659 2038 lv.
1684 2005 1786 2037 3184.
1812 2015 1866 2037 no.
1891 2005 1947 2036 25.

279 2069 435 2118 [2775]
494 2069 635 2108 Literae
675 2067 841 2113 OLAv1‚
885 2068 1116 2106 Arusieusis
1156 2067 1352 2119 episcopi,
1397 2065 1542 2118 quibus
1581 2066 1749 2117 capitulo
1787 2067 1994 2105 Arusiensi
2036 2080 2147 2104 omne
2171 2067 2260 2119 jus,
2297 2075 2330 2107 6.
2356 2075 2475 2107 Dcebr.

57 2140 162 2195 quod
194 2140 335 2180 (licitur
364 2140 567 2188 Banzra’t,
599 2138 675 2177 sibi
701 2152 770 2190 per
798 2137 898 2176 idem
929 2136 1138 2190 capitulum
1168 2137 1217 2175 ad
1240 2140 1394 2187 tempus
1419 2136 1580 2188 speciali
1607 2138 1728 2186 gratia
1754 2149 2000 2180 concessum,
2030 2137 2260 2186 reassignat.

54 2232 108 2247 —.
137 2211 213 2250 Die
242 2209 346 2252 beati
374 2209 558 2249 Neholai
587 2209 779 2261 episcopi.

448 2279 634 2322 Langebek
661 2279 800 2321 Scriptt.
822 2278 883 2309 VI.
909 2275 987 2308 462.

318 2493 474 2542 [2776.]
530 2492 654 2537 Brev‚
685 2490 856 2530 hvorved
886 2489 953 2527 Hr.
984 2488 1186 2527 anxmc
1217 2485 1562 2530 Max-unumne,
1592 2484 1761 2531 Ridder,
1801 2485 1958 2523 Hixiux
1992 2498 2041 2535 og
2069 2483 2257 2522 lamnae.
2282 2491 2316 2522 5.
2353 2493 2493 2523 Januar.

55 2565 191 2605 kaldet
219 2565 623 2608 &numum-mon,
653 2561 811 2601 erklaere
840 2559 957 2611 Kong
988 2558 1088 2597 Oluf
1112 2571 1162 2608 og
1191 2556 1397 2606 Dronning
1424 2554 1643 2605 Margarete
1674 2556 1756 2606 quit
1795 2568 1845 2605 og
1884 2555 1944 2592 liis
1984 2553 2041 2592 sor
2075 2554 2123 2592 (le
2158 2553 2258 2592 1500

55 2634 198 2688 lybske
225 2634 362 2681 Mark,
394 2647 480 2673 som
511 2633 559 2671 de
589 2631 716 2671 havde
745 2631 849 2669 lovet
879 2628 966 2666 hine
996 2629 1006 2666 i
1037 2627 1150 2665 (leves
1179 2626 1279 2665 Brev
1311 2629 1349 2663 at
1380 2624 1506 2664 betale
1536 2625 1574 2663 til
1602 2624 1669 2662 Hr.
1700 2624 1872 2676 Reymer
1897 2624 2068 2675 Rreyrle.
2098 2623 2258 2662 Ridder.

54 2729 106 2735 —
135 2703 454 2756 Kalzcndborqh,
485 2704 520 2741 in
551 2702 619 2741 der
648 2701 805 2751 hilligcn
837 2699 951 2749 dryer
980 2695 1174 2746 koninglie
1204 2695 1364 2734 avende.
1997 2693 2255 2746 (Plattydsk).

446 2773 552 2806 sulum
576 2771 667 2804 nist.
693 2771 733 2802 af
752 2770 898 2802 Danmk.
922 2767 1018 2800 XIV.
1043 2763 1217 2797 538—39.
1506 2807 1508 2812 Ι

314 2835 470 2884 [2777.]
527 2834 651 2878 Brev,
694 2830 865 2871 hvorved
904 2828 1069 2866 Cunus
1111 2825 1340 2865 Vfflmmcn
1378 2825 1628 2864 mortificerer
1663 2830 1702 2864 et
1739 2824 1783 2863 af
1806 2824 2010 2874 Dronuing
2037 2822 2256 2876 Margarete
2301 2829 2334 2862 2.
2367 2830 2467 2863 Febr.

51 2922 124 2961 paa
154 2905 324 2946 Bahuus
352 2904 526 2944 udstaedt
555 2901 846 2956 Gjeldsbeviis,
878 2911 928 2949 og
956 2896 1150 2940 erklaerer,
1188 2899 1227 2933 at
1256 2894 1333 2932 kun
1364 2897 1403 2932 et
1431 2894 1567 2940 audet,
1597 2894 1641 2933 af
1665 2894 1916 2945 Dronningen
1944 2894 1956 2931 i
1985 2891 2255 2945 Kallundborg

51 2976 242 3023 udstaedt‚
274 2979 344 3028 nyt
373 2973 614 3028 Gjeldshrev
644 2971 730 3011 skal
760 2968 910 3022 gjaelde.
939 2989 992 2995 —
1017 2963 1361 3015 Kalunclebovylt,
1392 2964 1480 3014 ipso
1511 2963 1572 3003 die
1601 2963 1716 3016 puris.
1747 2964 1788 3002 S.
1820 2963 1991 3014 virginis.

445 3043 552 3076 Suhm
587 3042 679 3074 nist.
712 3040 753 3072 af
784 3037 927 3070 Danmk.
959 3035 1056 3067 XIV.
1091 3033 1170 3065 539.
1228 3033 1384 3065 Molbech
1421 3043 1464 3074 og
1495 3033 1657 3065 Peterson
1690 3033 1830 3065 Danske
1860 3032 2039 3076 Diplomer
2069 3033 2097 3066 1.
2128 3032 2253 3065 9—10.

384 3122 386 3127 ν
443 3107 517 3138 Paa.
540 3104 650 3137 sidste
674 3102 753 3135 Sted
780 3110 816 3132 er
840 3099 962 3131 Brevet
987 3097 1134 3128 dateret:
1169 3094 1242 3137 ipso
1269 3094 1321 3126 die
1345 3094 1480 3126 Prisce
1504 3094 1645 3135 virginis
1670 3093 1721 3137 (d.
1747 3104 1777 3127 e.
1805 3094 1859 3126 18.
1883 3094 2047 3137 Januar).

313 3171 459 3222 [2778]
518 3168 734 3209 Conventio
764 3169 803 3204 et
836 3165 1027 3200 tractatus
1065 3162 1162 3198 inter
1199 3171 1315 3198 (τινες
1345 3159 1732 3198 Fmssnuacmvses
1763 3163 1801 3198 et
1831 3159 2139 3198 Smsvrcssnsns
2170 3157 2253 3212 ((10-
2285 3164 2341 3197 21.
2374 3164 2473 3197 Febr.

55 3245 274 3282 cumentum
305 3255 351 3280 ex
379 3243 490 3293 parte
518 3234 896 3288 Flensburgensium
928 3227 1106 3281 editum).
1137 3252 1190 3257 —
1219 3228 1259 3267 ln
1289 3228 1465 3281 profesto
1495 3228 1689 3267 cathedrae
1719 3228 1754 3267 h.
1785 3227 1892 3267 Petri
1921 3229 2103 3281 apostoli.

444 3309 564 3342 Seelen
589 3305 801 3340 Memorabil.
827 3301 1034 3340 Flensburg.
1057 3311 1088 3342 p.
1118 3298 1191 3331 195.
1239 3298 1351 3330 Noodt
1377 3298 1534 3338 Beni-{ige
1559 3299 1584 3330 l.
1614 3298 1780 3330 177-78,
