2649 3686
872 146 1024 195 Kosa
1058 146 1189 195 Eun<
1223 146 1462 195 Mssxvnn.
2169 148 2265 196 211

55 312 334 368 possedisset,
364 312 521 354 fabricae
551 315 731 356 ecclesiae
760 332 794 357 s.
825 319 1042 361 Clementis
1072 323 1109 361 in
1140 322 1248 360 Arus
1277 323 1446 359 scotare.
1488 340 1542 347 —
1585 319 1716 364 Arus,
1761 319 1874 357 tertia
1906 318 2002 358 seria
2039 332 2147 371 prox.
2177 324 2268 371 post
2342 330 2454 370 1310,

58 384 149 424 fest.
177 382 284 424 beati
313 387 426 422 mart.
456 384 640 436 Dyonisii
670 391 710 426 et
739 390 936 429 sociorum
967 393 1071 444 ejus.

448 454 635 496 Langebek
661 457 796 501 Scriptt.
823 459 884 492 vl.
910 459 988 493 414.

315 514 472 564 [1738]
529 515 689 557 Esaiam
727 520 1016 575 archiepiscopi
1055 522 1284 562 Lundensis
1323 521 1464 567 literae,
1508 518 1654 572 quibus
1690 520 2015 558 constitutionem
2052 519 2268 571 praedeces.
2298 524 2348 558 18.
2381 526 2502 559 Noxhna

54 599 186 626 sorum
229 599 412 632 suorum,
456 590 500 625 ut
541 587 750 628 Alemanni
793 589 947 630 Lundis
991 591 1238 638 habitantes,
1283 592 1347 644 qui
1391 591 1572 644 proprias
1617 588 1670 628 ibi
1714 590 1944 628 mansiones
1988 603 2062 627 non
2107 589 2271 637 liabent,

54 659 229 708 cryptam
268 656 449 696 ecclesiae
486 659 613 696 sancti
653 657 854 698 Laurentii
892 664 935 699 ut
971 662 1180 703 ecclesiam
1216 674 1328 701 suam
1358 658 1625 714 parochialem
1665 658 1931 712 frequentent,
1974 659 2189 698 confirmat.
2220 683 2272 689 —-

52 726 232 773 Laudis,
263 727 300 765 in
331 730 470 766 octava
498 727 657 766 Martini
689 730 878 782 episcopi.

442 796 552 838 Bring
588 797 629 829 de
662 798 814 841 Templis
840 800 1076 834 Lundensibus
1109 813 1140 844 p.
1178 801 1231 834 15.
1291 799 1467 834 Sartorius
1503 797 1629 830 Gescli.
1667 797 1699 830 d.
1734 799 1853 831 Hunse
1889 798 1939 831 ed.
1972 798 2197 841 Lappenbcrg
2229 801 2270 832 ll.

443 868 499 890 no.
526 856 654 892 CXHb.
680 870 712 902 p.
737 859 909 893 258—59.
966 862 1138 904 Liljegren
1164 863 1389 906 Diplomatar.
1415 865 1557 894 Svecan.
1593 860 1635 892 11.
1662 869 1716 892 no.
1746 859 1845 893 1702.
1869 870 1901 903 p.
1925 859 2006 893 638.
2066 861 2139 894 cfr.
2166 861 2270 894 Sulim

443 919 537 953 mst.
564 921 605 953 af
625 922 773 955 Danmk.
798 923 860 955 xl.
885 923 1056 957 (ui—45.

909 982 912 986 .
2009 979 2017 1001 i

1077 989 1222 1054 1311.
2341 1023 2456 1061 1311.

313 1087 469 1137 [1739]
527 1087 671 1127 Literae
702 1088 818 1128 Eruci
849 1091 975 1142 regis,
1017 1091 1159 1143 quibus
1189 1090 1381 1138 declarat,
1424 1089 1642 1142 Esgerum,
1684 1086 1961 1128 archielectum
1990 1086 2267 1135 Lundensem,
2317 1095 2349 1128 2.
2383 1096 2482 1128 Febr.

54 1157 152 1196 duas
181 1170 336 1196 marcas
366 1159 448 1198 auri
479 1159 516 1197 in
545 1160 683 1206 terris,
715 1160 752 1198 in
784 1159 1086 1212 Troldorpmark
1117 1161 1226 1208 sitis,
1255 1160 1471 1207 Brothero,
1502 1159 1823 1199 vicecancellario
1853 1159 1971 1210 regiS,
2002 1162 2198 1197 scotasse.
2218 1181 2265 1186 —

54 1227 266 1276 Randrus,
297 1228 333 1267 in
363 1228 468 1268 sesto
497 1228 783 1281 purificationis
812 1228 936 1267 heatae
966 1230 1142 1282 virginis.

447 1299 632 1340 Langebek
658 1297 796 1340 Scriptt.
822 1299 885 1331 VI.
912 1299 990 1331 447.

317 1359 473 1409 [1740]
530 1360 774 1406 ΗΕΝιιιουε,
820 1360 1003 1399 dominus
1040 1360 1368 1414 Magnopolensis
1405 1366 1444 1400 et
1481 1359 1802 1412 Stargardensis,
1846 1359 2140 1398 translationem
2171 1357 2269 1396 villae
2305 1364 2360 1396 20.
2394 1364 2494 1396 Febr.

10 1474 14 1477 ,
55 1428 243 1481 sagenis,
275 1429 478 1470 Bernardo
510 1430 710 1483 Copman,
740 1431 817 1469 civi
846 1430 1134 1478 Rostoczensi,
1176 1446 1246 1484 per
1272 1431 1433 1470 Ericum
1461 1430 1662 1470 Danorum
1694 1429 2003 1481 Selavorumque
2033 1441 2164 1480 regem
2196 1428 2267 1466 rite

55 1498 218 1546 saetam,
248 1501 462 1540 confirmat.
491 1523 546 1529 —
575 1500 752 1539 Sabbato
782 1504 873 1539 ante
902 1500 1002 1539 Esto
1033 1501 1141 1539 mihi.

447 1571 611 1604 schrater
636 1574 754 1614 Beytr.
780 1582 841 1603 zur
864 1571 1053 1603 Mecklenb.
1081 1570 1206 1603 Gcseh.
1231 1570 1352 1602 Kunde
1380 1570 1409 1602 l.
1435 1570 1496 1602 Bd.
1526 1568 1554 1600 l.
1580 1570 1622 1601 H.
1649 1579 1679 1611 p.
1704 1568 1817 1600 XVII.

318 1632 475 1681 [1741]
532 1633 677 1672 Literae
713 1632 838 1672 Emer
876 1634 1001 1684 regis,
1044 1632 1190 1685 quihus
1228 1636 1395 1670 testatur
1424 1630 1769 1669 commutationem
1801 1628 2042 1682 quorundam
2079 1627 2266 1667 honorum
2305 1630 2338 1662 9.
2364 1630 2495 1663 Martii.

60 1701 158 1739 inter
187 1699 446 1750 Brotherum,
475 1703 837 1742 vicecancellarium
866 1704 972 1754 regis
1002 1717 1047 1741 ex
1077 1715 1152 1740 una
1181 1707 1312 1753 parte,
1343 1705 1383 1740 et
1411 1699 1632 1739 Johannem
1661 1700 1865 1738 Ascersiin
1896 1698 1944 1737 de
1975 1697 2202 1749 Grynskiaer
2231 1701 2271 1735 et

55 1770 249 1810 Ascerum
278 1771 432 1812 Jonsiin
463 1787 510 1812 ex
540 1773 687 1818 altera,
732 1773 875 1811 saetam
905 1786 1011 1811 esse.
1040 1793 1093 1800 —
1131 1770 1356 1824 Wiberqis,
1387 1770 1484 1809 seria
1513 1770 1627 1808 tertia
1656 1772 1746 1808 ante
1776 1768 1880 1807 diem
1911 1767 2105 1819 Gregorii.

87 1840 90 1847 ’
448 1842 636 1884 Langebek
661 1843 797 1886 Scriptt.
821 1843 885 1875 VI.
909 1841 1078 1874 481-82.

318 1904 475 1954 [1742]
532 1904 657 1944 Emer
688 1906 795 1957 regis
826 1904 1094 1956 privilegium,
1125 1902 1258 1941 datum
1288 1901 1446 1940 villanis
1475 1900 1524 1940 de
1553 1899 1754 1939 Randrus.
1797 1920 1847 1928 -
1901 1897 2127 1950 Wiberqis,
2173 1897 2268 1936 seria
2293 1907 2347 1940 22.
2374 1907 2503 1940 Martii.

56 1972 230 2012 secunda
255 1976 432 2027 proxima
461 1979 556 2028 post
585 1975 818 2014 dominicam
847 1973 984 2012 mediae
1016 1971 1339 2026 quadragesimae.

450 2045 622 2078 Stadfeldt
653 2045 777 2077 Beskr.
811 2054 890 2076 over
923 2043 1077 2075 Randers
1112 2053 1143 2084 p.
1176 2040 1327 2073 22-23.
1386 2038 1801 2082 Koldcrup-Rosenvinge
1838 2040 1944 2072 Sami.
1980 2040 2020 2072 af
2051 2038 2098 2081 gl.
2136 2037 2269 2070 danske

447 2109 546 2140 Love
570 2109 616 2142 V.
641 2107 814 2140 276—77.

317 2168 474 2217 [1743]
530 2169 673 2208 Literae
704 2169 922 2208 Svmvoms
953 2166 1125 2211 wano,
1168 2164 1347 2202 advocati
1383 2163 1490 2214 regis
1527 2163 1565 2200 in
1602 2162 1729 2208 Arus,
1773 2161 1918 2215 quibus
1955 2161 2178 2206 confitetur,
2223 2173 2268 2198 se
2298 2167 2348 2199 18.
2375 2166 2514 2209 Aprilis.

57 2236 252 2289 quandam
287 2250 484 2277 summam
522 2240 777 2291 pecuniarum
814 2250 835 2275 a
871 2236 1050 2275 Johanne
1093 2235 1306 2287 praeposito
1344 2233 1556 2282 Arusiensi
1595 2233 1822 2283 accepisse,
1867 2244 2033 2282 eumque
2070 2244 2118 2268 ex
2160 2234 2271 2281 parte

55 2308 162 2358 regis
177 2321 246 2360 pro
262 2307 336 2347 hac
353 2322 506 2347 summa
523 2308 686 2348 liberum
704 2308 876 2346 dimittit.
900 2328 953 2335 —
973 2305 1096 2350 Aras,
1120 2303 1332 2349 dominica,
1358 2315 1435 2354 qua
1460 2305 1640 2340 cantatur
1663 2300 1831 2340 officium
1849 2299 1976 2350 Quasi
1997 2299 2114 2338 modo
2132 2299 2266 2350 geniti.

449 2379 637 2420 Langebek
662 2377 802 2420 Scriptt.
827 2377 890 2409 VI.
916 2374 994 2408 419.

319 2440 475 2489 [1744]
535 2439 742 2480 ΟΛΡιΤυΜ
785 2438 1031 2477 Αῐιυειεικειε
1076 2434 1217 2481 literae,
1270 2432 1414 2486 quibus
1452 2431 1671 2484 Esgerum,
1723 2430 1976 2469 Lundensem
2018 2429 2186 2467 electum
2231 2432 2270 2466 et
2316 2434 2349 2466 6.
2375 2434 2479 2466 Junii.

57 2508 252 2560 quondam
289 2511 522 2562 episcopum
558 2511 839 2554 Arusiensem,
882 2509 1171 2560 procuratorem
1209 2517 1324 2542 suum
1363 2503 1400 2540 in
1438 2501 1606 2540 concilio
1643 2500 1813 2553 generali
1846 2501 1929 2551 jam
1963 2500 2137 2551 proxime
2168 2498 2267 2536 cele-

55 2576 204 2617 litando
232 2579 415 2619 instituit.
445 2602 495 2608 —
527 2581 691 2628 Arusii,
722 2581 759 2618 in
790 2578 984 2616 dominica
1015 2577 1160 2613 sanctae
1189 2573 1391 2611 trinitatis.

450 2651 637 2692 Langebek
662 2649 800 2692 scriptt.
824 2647 886 2680 VI.
912 2644 1082 2677 419—20.

319 2711 475 2760 [1745]
536 2711 753 2751 Omvssnus
783 2723 834 2749 lm
865 2708 1007 2752 Sam,
1050 2706 1155 2757 prior
1193 2702 1336 2742 domus
1373 2700 1585 2753 hospitalis
1622 2699 1660 2738 h.
1689 2699 1884 2739 Johannis
1912 2697 2264 2750 Hierosolymitani
2323 2704 2352 2736 l.
2378 2704 2472 2737 Julii.

58 2779 96 2817 in
125 2779 514 2833 Antvorthaeskough
545 2785 749 2833 totumque
778 2776 990 2831 capitulum
1020 2773 1187 2819 ibidem,
1217 2776 1372 2824 septem
1401 2769 1555 2811 solidos
1585 2775 1694 2814 terrae
1726 2771 1763 2808 in
1798 2782 1922 2808 censu
1952 2770 1988 2807 in
2021 2768 2266 2819 Swytninge,

59 2862 161 2901 quos
190 2850 242 2888 iis
271 2849 434 2890 dederat
462 2851 581 2890 frater
608 2849 800 2890 Nicolaus
830 2845 981 2890 Raasn,
1023 2843 1142 2896 priori
1180 2841 1361 2880 ecclesiae
1399 2841 1436 2878 in
1466 2838 1855 2889 Antvorthaeskough
1892 2842 1932 2877 et
1961 2836 2146 2876 fratribus
2176 2850 2267 2874 con-

59 2919 309 2958 ventualibus
339 2920 485 2960 ibidem
514 2920 736 2965 dimittunt,
765 2932 835 2971 pro
866 2919 1021 2955 centum
1051 2911 1305 2965 quadraginta
1328 2908 1501 2948 marchis
1524 2907 1770 2946 denariorum
1793 2907 2125 2959 Syalandensium
2150 2920 2266 2944 usua-

50 2987 151 3028 lium
181 2993 222 3028 et
248 2989 452 3029 bonorum.
485 3012 533 3018 —
566 2984 982 3038 Antvortleoeslsouqle,
1013 2984 1049 3021 in
1081 2985 1219 3020 octava
1249 2979 1287 3018 b.
1316 2977 1512 3017 Johannis
1540 2977 1737 3029 baptistae.

449 3059 564 3100 Liinig
588 3059 750 3092 Teutsch.
775 3053 1000 3089 Reichsarch.
1024 3051 1104 3083 Vol.
1128 3050 1225 3082 XVI.
1251 3048 1381 3091 Specil-
1408 3047 1492 3080 eccl.
1517 3048 1544 3080 1.
1570 3045 1705 3079 Contin.
1741 3045 1844 3089 (Joh.
1871 3045 1974 3089 Ord.)
2008 3057 2040 3089 p.
2064 3045 2120 3078 89.
2180 3047 2268 3078 Dan-

451 3121 612 3154 Biblioth.
637 3121 697 3154 111.
726 3116 894 3152 164—66.
940 3111 1169 3156 Pontoppidan
1193 3110 1328 3142 Annall.
1354 3108 1476 3142 eccles.
1501 3109 1587 3140 Dan.
1612 3108 1656 3140 11.
1684 3107 1761 3140 103.

320 3182 476 3231 [1746]
533 3183 699 3229 Literae,
742 3178 886 3233 quihus
910 3177 1078 3216 Pn‘rnus
1109 3184 1251 3211 merus
1280 3171 1416 3210 ΜυιΕ
1447 3173 1582 3208 notum
1612 3168 1728 3215 facit,
1768 3181 1813 3208 se
1849 3168 1951 3208 bona
1981 3167 2157 3221 quaedam
2188 3181 2267 3206 mo-
2313 3171 2366 3204 27.
2394 3171 2490 3205 Julii.

59 3258 220 3302 paster-ii
251 3269 285 3296 s.
315 3255 487 3307 Agnetis
515 3251 726 3292 Roskildis
755 3247 1009 3288 conduxisse.
1037 3264 1090 3272 --
1125 3241 1334 3300 Ulfstorp,
1380 3239 1475 3282 seria
1507 3237 1572 3278 ΙΙΙ.
1602 3241 1697 3297 post
1726 3237 1872 3280 festum
1900 3237 1939 3278 b.
1968 3237 2107 3277 Jacobi
2138 3241 2266 3289 apost.

456 3323 561 3356 subm
588 3321 678 3359 Hist.
703 3319 743 3353 af
763 3317 914 3353 Danmk.
943 3314 1005 3348 XI.
1031 3310 1179 3346 908—9.

1934 3372 2007 3412 27..
