2649 3686
702 129 859 178 I(oxo
897 128 1242 180 [huusrornsn
1279 147 1376 180 DEN
1411 130 1619 179 Fwnsoess.
2168 136 2264 185 123

442 299 546 342 feldt,
583 302 753 334 Danmks.
780 303 888 345 Riges
914 306 1021 338 Krbn.
1048 317 1081 348 p.
1107 304 1175 337 238
1199 315 1310 349 seqq.‚
1343 314 1397 348 ap.
1424 304 1685 348 Pontoppidan,
1723 304 1844 348 Origg.
1870 306 1972 338 llat'n.
1998 316 2029 349 p.
2063 307 2211 340 53—57.
2237 311 2267 339 et

443 372 496 404 ap.
522 362 655 405 Suhm,
682 364 771 397 nist.
797 366 838 397 as
859 367 1007 399 Danmk.
1033 369 1078 400 Χ.
1100 367 1180 399 250.
1206 377 1296 410 seqq.

310 420 440 470 [958]
498 422 684 474 J(Acon¹)
715 427 896 480 episcopi
927 428 1213 467 Roskildeusis
1242 427 1484 467 confirmatio
1514 426 1761 476 libertatum,
1806 442 1890 482 quae
1920 432 2035 467 antea
2064 442 2266 469 concessae

50 495 142 532 sunt
170 491 374 531 canonicis
402 491 690 532 Hasneusibus.
722 517 771 522 —
804 495 871 535 Ill.
904 498 956 536 id.
987 498 1135 538 Martii.

442 562 673 605 Pontoppidan
702 566 787 597 Anu.
814 567 895 599 eccl.
923 569 1007 600 Dan.
1034 570 1059 601 1.
1087 580 1117 612 p.
1142 569 1223 603 676.

309 622 436 671 [959.]
494 622 660 671 Literae,
705 626 852 679 quibus
896 628 1049 670 lmnus
1095 631 1291 670 TAKONIS
1337 643 1498 678 rimus,
1544 630 1739 669 “illustris
1782 631 1889 681 regis
1926 629 2028 668 Abel
2073 629 2268 682 quondam

47 693 340 740 marscalcus”,
370 696 559 740 testatur,
590 708 659 742 se,
690 710 777 735 cum
809 712 1008 738 consensu
1039 705 1294 752 cognatorum
1325 715 1507 747 suorum,
1545 701 1675 739 omnia
1706 699 1809 739 bona
1839 713 1912 739 sua
1943 701 1980 738 in
2010 700 2267 752 Rauenstorp

48 769 141 818 post
169 764 257 804 dies
286 765 397 810 vitae,
427 765 464 803 si
495 765 583 803 sine
614 765 750 804 liberis
781 766 1020 816 decesserit,
1050 771 1230 810 ecclesiae
1261 785 1294 810 s.
1321 770 1456 810 Mariae
1487 770 1536 810 de
1565 770 1677 810 Loco
1706 769 1782 809 Dei
1806 783 1851 809 ac
1881 769 2062 823 ejusdem
2087 770 2268 809 ecclesia:

49 834 255 874 monachis
285 835 526 874 scotavisse.
557 857 606 864 —
641 836 872 885 Slessniclae,
903 839 1030 879 XVII.
1061 841 1212 880 calend.
1242 842 1430 894 Augusti.

441 905 630 946 Langebek
656 907 795 950 Scriptt.
821 910 918 941 vul.
944 909 1023 943 222.

309 965 436 1014 [960.]
494 965 752 1008 ΙΝΝοοΕκΤιι
800 969 915 1019 (wi)
959 986 1070 1024 papae
1106 973 1155 1011 ad
1196 975 1412 1026 episcopos
1450 973 1747 1012 Slesvicensem
1787 976 1827 1011 et
1854 970 2184 1023 VViburgensem,
2228 975 2269 1010 et

50 1036 231 1076 abbatem
269 1035 318 1075 de
350 1037 448 1076 Cara
480 1036 636 1085 Insula,
667 1038 949 1080 Cisterciensis
974 1042 1136 1089 ordinis,
1169 1043 1416 1090 mandatum,
1446 1048 1490 1082 ut
1514 1043 1563 1082 de
1592 1044 1671 1081 vita
1702 1046 1742 1082 et
1771 1042 1974 1081 miraculis
2002 1041 2172 1090 Nicolai‚
2202 1042 2269 1081 filii

49 1107 204 1154 Canuti,
234 1107 326 1146 olim
355 1106 493 1147 Daniae
519 1109 648 1160 regis,
678 1110 936 1162 inquirerent,
967 1125 1054 1150 cum
1086 1127 1152 1151 rex
1183 1113 1518 1166 Christophorus,
1549 1113 1877 1166 archiepiscopus
1906 1111 2158 1160 Luudensis,
2189 1114 2270 1166 epi·

52 1179 180 1230 scopi,
209 1191 282 1216 nec
310 1191 386 1216 non
417 1178 547 1217 clerus
577 1182 617 1217 et
644 1179 820 1231 religiosi
851 1182 960 1232 regni
983 1182 1129 1230 Daciae,
1159 1187 1202 1221 ut
1231 1184 1268 1222 in
1299 1197 1501 1223 numerum
1524 1187 1750 1223 sanctorum
1777 1182 1998 1229 referretur,
2024 1187 2268 1235 rogaverant.

51 1269 99 1276 —
130 1248 350 1301 Anaqnice,
378 1247 486 1286 VIII.
516 1248 669 1288 calend.
698 1250 898 1302 Augusti,
927 1252 1067 1303 pontis.
1098 1259 1213 1291 anno‘
1228 1253 1317 1292 XII.

443 1318 614 1361 Raynald.
641 1320 776 1353 Contin.
802 1323 926 1353 Baron.
954 1323 995 1354 ad
1021 1333 1095 1354 ann.
1126 1322 1222 1355 1251.
1248 1324 1365 1355 XXX.
1392 1325 1488 1356 Tom.
1513 1323 1558 1356 11.
1584 1334 1616 1366 p.
1642 1324 1722 1356 501.
1770 1323 2000 1366 Pontoppidan
2022 1323 2161 1356 Annall.
2187 1324 2268 1356 cccl.

444 1381 534 1413 Dan.
562 1381 590 1413 Ι.
616 1381 789 1415 452-53.
838 1383 1022 1416 'l'horkelin
1048 1384 1194 1428 Diplom.
1219 1387 1458 1427 Arna-Magn.
1483 1387 1510 1420 1.
1535 1386 1614 1419 201.
1662 1385 1852 1427 Langebek
1872 1384 2010 1428 Scriptt.
2030 1387 2075 1418 V.
2096 1385 2268 1418 309—10.

442 1442 506 1475 Vl.
532 1441 708 1478 390—91.

311 1503 441 1552 [961]
500 1503 759 1544 stocr-:x'rn
797 1504 910 1557 (lvti)
947 1520 1058 1559 papae
1088 1507 1216 1554 bulla,
1260 1522 1338 1561 qua
1376 1509 1642 1561 indulgentias
1677 1509 1754 1548 XL
1794 1509 1944 1549 dierum
1985 1511 2036 1548 iis
2065 1509 2268 1556 concedit,

53 1577 118 1630 qui
147 1577 185 1615 in
215 1574 388 1614 ecclesia
417 1575 631 1614 Arusieusi
661 1576 888 1616 aedificanda
910 1590 1050 1616 manus
1075 1580 1317 1630 porrexerint
1341 1579 1571 1633 adjutrices.
1602 1601 1650 1608 —
1682 1581 1901 1632 Anaqm'oe,
1932 1579 1979 1618 II.
2005 1579 2056 1618 id.
2081 1580 2270 1632 Augusti,

51 1645 191 1699 pontis.
221 1659 323 1685 anno
353 1643 442 1683 XII.

447 1715 636 1748 Thorkclin
662 1717 889 1760 Diplomatar.
915 1720 1152 1760 Arna-Magn.
1178 1721 1204 1752 Ι.
1231 1730 1262 1762 p.
1288 1719 1367 1751 202.
1418 1720 1605 1762 Langebek
1630 1719 1770 1762 Scriptt.
1803 1721 1864 1752 Vl.
1889 1719 1970 1752 391.
2018 1722 2112 1753 Hanc
2144 1720 2270 1752 bullam

442 1779 516 1819 jam
541 1788 645 1821 supra
671 1779 758 1822 (vid.
785 1791 840 1813 no.
866 1780 968 1824 575.)
995 1791 1068 1813 cum
1096 1781 1236 1813 Suhmio
1263 1785 1295 1813 et
1318 1783 1477 1815 Miintero
1504 1783 1547 1814 ad
1572 1793 1650 1814 ann.
1679 1780 1778 1814 1209.
1803 1780 1985 1814 retulimus
2011 1785 2043 1813 et
2072 1782 2269 1815 Innocentio

446 1837 541 1872 111tio
568 1840 767 1884 tribuimus3
791 1841 847 1875 vix
871 1846 982 1875 autem
1008 1842 1143 1875 dubium
1169 1853 1246 1875 esse
1270 1846 1382 1886 potest
1405 1867 1414 1886 ‚
1439 1844 1516 1887 quin
1542 1843 1737 1877 Innocentio
1763 1843 1825 1876 lv.
1859 1843 2036 1876 tribuenda
2060 1847 2092 1876 et
2124 1844 2165 1876 ad
2191 1854 2269 1876 ann.

449 1901 550 1934 1254.
575 1903 758 1936 referenda
783 1904 840 1937 sit.
889 1905 963 1937 Cfr.
990 1904 1093 1936 Sulim
1118 1904 1207 1936 nist.
1235 1905 1275 1936 af
1295 1905 1441 1937 Danmk.
1466 1906 1513 1937 X.
1539 1904 1619 1938 259.

316 1963 444 2013 [962]
477 1964 636 2004 Statuta
666 1965 827 2018 capituli
858 1966 1054 2017 generalis
1085 1966 1235 2004 ordinis
1266 1966 1561 2006 Cisterciensis.
1620 1967 1653 2018 ᾧ.
1684 1967 1721 2006 6.
1752 1966 1878 2006 “Cum
1909 1967 2094 2006 dominus
2124 1966 2269 2005 Cister-

51 2035 201 2074 ciensis
230 2035 505 2073 commisisset
535 2036 692 2075 ΛΒΒΑΊἿ
720 2049 771 2075 DE
805 2036 919 2075 SORA
952 2037 1219 2075 visitationem
1258 2037 1344 2075 tiliae
1375 2050 1455 2075 suae
1494 2036 1543 2075 de
1581 2036 1812 2076 Hmumno
1850 2037 2067 2076 secundum
2105 2036 2269 2075 sormam

51 2104 201 2144 ordinis
231 2106 268 2143 in
297 2103 473 2157 plenaria
502 2109 725 2158 potestate;
756 2107 863 2159 ipse,
894 2111 1075 2145 assumto
1102 2107 1180 2145 tilio
1211 2120 1308 2154 su0,
1338 2119 1508 2146 ABBATE.
1540 2119 1591 2144 nu
1621 2107 1792 2153 Asuo,
1824 2112 1931 2146 certa
1961 2108 2025 2147 die
2056 2107 2106 2147 ad
2136 2108 2269 2145 visita-

51 2176 198 2214 tionem
229 2173 453 2213 faciendam
482 2175 598 2214 ambo
629 2177 777 2228 pariter
806 2176 855 2215 ad
885 2177 1098 2229 capitulum
1136 2178 1363 2223 venientes,
1408 2179 1448 2215 et
1483 2177 1752 2215 visitationem
1794 2178 2031 2229 incipientes
2069 2179 2107 2216 in
2142 2178 2269 2230 prima

51 2247 251 2292 sessione,
277 2246 418 2284 *statim
448 2247 763 2299 praecipitanter,
793 2246 898 2285 nulla
928 2260 1051 2284 causa
1079 2247 1315 2298 peremtoria
1343 2245 1507 2299 probata
1538 2250 1672 2284 contra
1703 2245 1884 2285 abbatem
1916 2247 2011 2286 dicti
2041 2248 2136 2293 loci,
2166 2246 2270 2285 nulla

2342 309 2454 349 1251..

2296 436 2347 468 13.
2373 439 2501 470 Martii.

2310 628 2362 660 16.
2397 630 2492 661 Julii.

2304 966 2359 1000 25.
2395 968 2490 1000 Julii.

2297 1501 2348 1533 12.
2372 1502 2530 1543 Augusti.

52 2318 165 2369 copia
194 2315 273 2355 sibi
303 2315 395 2354 data
425 2315 722 2356 deliberationis
752 2321 792 2356 et
822 2317 1080 2362 defensionis,
1110 2316 1293 2368 nulloque
1324 2320 1481 2354 servato
1501 2317 1605 2368 juris
1634 2315 1784 2362 ordine,
1809 2322 1942 2355 contra
1970 2316 2118 2356 ordinis
2143 2318 2268 2355 nostri
2319 2356 2323 2358 ,

53 2387 258 2433 instituta,
287 2387 394 2425 sicut
423 2385 538 2425 nobis
567 2400 638 2439 per
667 2386 803 2425 literas
833 2386 1043 2425 eorundem
1073 2389 1256 2438 patentes
1286 2389 1326 2424 et
1355 2385 1457 2424 duos
1485 2385 1724 2432 monachos,
1755 2400 1874 2424 unum
1905 2386 1954 2425 de
1985 2387 2199 2432 Cistercio,
2230 2391 2270 2425 et

52 2455 172 2509 alium
203 2455 251 2494 de
283 2455 388 2494 dicta
413 2456 551 2504 domo,
581 2458 762 2495 constitit
791 2456 1005 2502 evidenter,
1037 2457 1073 2494 in
1104 2454 1285 2493 abbatem
1317 2454 1430 2494 dictae
1461 2455 1603 2494 domus
1633 2455 1899 2508 depositionis
1929 2444 2165 2495 sententiffin
2198 2456 2267 2495 sul-

52 2527 269 2585 minaruut:
300 2539 416 2579 quam
447 2528 685 2566 sententiam
715 2527 848 2566 dictus
877 2526 1061 2565 dominus
1090 2523 1215 2562 abbas
1247 2523 1426 2563 Cistercii
1458 2529 1498 2564 et
1526 2525 1739 2577 capitulum
1770 2526 1952 2577 generale
1977 2526 2151 2565 declarat
2175 2540 2268 2565 esse

52 2595 218 2634 nullam:
248 2595 350 2635 unde
380 2611 470 2636 cum
501 2598 556 2636 sit
581 2596 630 2636 ab
661 2597 797 2636 ordine
827 2597 1105 2641 constitutum,
1143 2598 1187 2633 ut
1216 2595 1249 2633 si
1281 2596 1371 2646 quis
1400 2595 1525 2634 abbas
1555 2595 1673 2634 alium
1705 2596 1852 2648 injuste
1882 2595 2130 2648 deposuerit,
2174 2598 2268 2635 reci-

51 2667 139 2718 piat
166 2666 352 2705 talionem
372 2667 521 2717 ,sdicti
557 2666 688 2719 abhas,
721 2666 770 2705 de
801 2667 901 2705 Sora
933 2669 972 2704 et
1001 2664 1049 2703 de
1078 2664 1205 2716 Asylo
1245 2664 1494 2717 deponuntur
1532 2666 1570 2703 in
1611 2666 1786 2704 instanti.
1857 2666 1999 2705 Aulus
2039 2680 2091 2705 ns
2120 2666 2268 2705 lis-nox

53 2735 132 2775 hoc
158 2737 220 2775 eis
249 2735 473 2776 denunciet.
544 2736 628 2776 Ista
667 2751 760 2776 vero
797 2736 1012 2782 sententia,
1055 2738 1099 2774 ut
1135 2747 1157 2772 a
1195 2734 1316 2773 simili
1356 2735 1667 2787 praecipitatione
1698 2736 1733 2773 in
1765 2739 1968 2788 posterum
1998 2742 2203 2783 caveatur,
2230 2738 2267 2776 in

58 2805 241 2846 omnibus
271 2805 422 2846 ordinis
451 2806 636 2846 domibus
666 2806 891 2846 habeatur''.

452 2879 610 2910 Mar-tene
636 2881 668 2910 et
692 2876 844 2910 Durand.
871 2875 1040 2908 Thesaur.
1066 2885 1143 2908 nov.
1168 2874 1284 2908 anecd.
1309 2876 1404 2907 Tom.
1430 2875 1491 2908 lv.
1522 2874 1619 2910 1403.

1089 3001 1233 3050 1255.

2341 3028 2460 3067 1255.

319 3101 449 3151 [963]
506 3101 673 3149 Literae,
704 3101 848 3155 quihus
880 3102 1034 3141 Aen-A
1064 3098 1235 3138 Nmsae.
1268 3110 1431 3138 nornen
1460 3097 1509 3137 de
1539 3098 1739 3151 Syersltiff
1769 3105 1886 3142 {istrae
1916 3107 2049 3143 notum
2081 3103 2264 3143 omnibus
2288 3109 2343 3143 27.
2370 3112 2509 3154 Aprilis.

61 3170 176 3219 facit,
205 3185 252 3212 se
279 3173 529 3212 monasteriox
552 3173 592 3211 in
619 3171 836 3212 Ebbleholt
863 3171 966 3212 bona
996 3168 1170 3224 quaedam
1201 3169 1238 3207 in
1269 3167 1468 3221 Syersltiff
1493 3173 1610 3208 {istrae
1632 3171 1708 3208 sita
1732 3172 1964 3212 contulisse.
1990 3195 2038 3201 —
2068 3174 2269 3228 Slanqlee-

61 3247 174 3294 torp,
203 3241 253 3281 V.
283 3242 434 3283 calend.
464 3242 578 3295 Maji.

453 3312 640 3355 Langebek
666 3311 807 3355 Scriptt.
832 3312 892 3344 vl.
922 3310 994 3344 161.

1935 3377 2006 3417 16*
