2649 3686
846 157 1001 206 Koxe
1036 158 1166 207 Eun<
1202 158 1458 209 Gmpmm.
2169 168 2266 219 157

40 328 144 365 tates
172 327 214 364 et
235 324 353 378 jura''
383 325 420 364 in
451 329 552 364 terra
582 325 756 368 Revaliae
787 334 827 369 et
855 330 1081 380 Esthoniae,
1111 346 1133 372 a
1164 347 1210 373 se
1240 337 1281 373 et
1309 333 1631 387 progenitoribus
1660 334 1746 374 suis
1775 334 1930 375 civibus
1959 335 2265 378 Lubecensibus
2337 340 2452 381 1258.

41 395 150 442 (lata,
180 394 396 434 confirmat.
427 415 476 423 -
515 395 713 446 Ymbrioe,
745 397 837 438 XV.
868 402 1019 442 calend.
1045 404 1171 456 ¹Junii.
2301 407 2353 441 ¹8·
2390 412 2486 450 ⁵¹³0?-

428 466 563 510 Dreyer
588 467 728 510 specim.
756 470 796 501 de
821 472 934 505 nausr.
961 484 992 515 p.
1017 473 1276 507 CXLIII—IV.

298 525 455 575 [1267]
513 526 640 568 Emer
672 534 874 584 praepositi
914 533 962 573 de
999 534 1278 588 Himbersysel
1316 536 1659 590 compluriumque
1696 536 1913 591 'toparcbiae
1950 536 2172 589 Lyghcrrct
2207 539 2259 577 in·
2285 552 2313 575 c.
2344 543 2518 579 l2..1unii.

21 596 206 636 «colatum
236 595 358 636 literae
387 595 438 635 ad
469 596 712 650 Thrugotum
744 602 1091 657 archiepiscopum
1121 605 1401 653 Lundensem,
1440 608 1502 646 cui
1535 611 1669 646 notum
1701 607 1850 647 faciunt
1886 611 1925 646 et
1954 609 2144 647 veraciter
2172 623 2259 662 pro-

35 669 246 713 testantur,
276 666 410 720 “quod
439 680 558 720 aqua,
589 682 674 721 quse
700 670 749 710 (le
772 672 957 725 Aspebro
981 674 1031 713 ad
1055 675 1321 714 molendinum
1347 675 1493 723 domini
1515 677 1650 730 Magni
1673 677 1969 717 Benedictssen
1996 678 2033 716 in
2057 677 2259 731 XVysteby

29 737 112 790 jam
153 736 344 784 decurrit,
388 738 481 777 illuc
525 738 735 780 decursum
778 741 969 782 habuerat
1007 745 1254 798 temporibus
1290 747 1440 786 nostris
1470 751 1511 786 et
1540 747 1788 801 temporibus
1826 752 1979 801 patrum
2011 752 2257 795 nostrorum,

35 807 120 847 sine
150 807 394 860 impetitione
425 808 643 861 cujuslibet
672 814 712 849 et
742 813 938 864 querela''.
970 837 1018 842 —
1051 816 1164 855 Circa
1194 816 1342 856 festum
1372 821 1518 856 sanctae
1549 818 1749 858 trinitatis.

424 879 615 921 Langebek
640 879 778 924 scripte.
804 883 901 916 V111.
928 883 1006 918 213.

1063 981 1208 1033 1279.
1905 999 1909 1005 “
2327 1004 2445 1044 1279.

288 1072 446 1121 [1268]
505 1072 771 1114 Tnaucorm
802 1076 1093 1132 archiepiscopi
1124 1080 1354 1130 Lundensis
1391 1085 1704 1135 transsumptum
1741 1081 1855 1122 bullae
1884 1083 2099 1123 Alexandri
2138 1083 2251 1136 (lvti)
2277 1085 2332 1120 21·
2358 1090 2490 1122 Martii.

29 1155 136 1196 papae
166 1142 262 1191 (dat.
287 1142 474 1191 viterbii,
504 1142 573 1183 Vl.
604 1143 755 1183 calend.
785 1145 897 1193 Julii,
928 1161 990 1187 an.
1026 1147 1183 1203 1252),
1223 1165 1298 1204 qua
1327 1151 1532 1205 prohibet,
1564 1167 1611 1192 ne
1642 1153 1856 1206 quisquam
1886 1152 2155 1194 dioecesanus
2184 1160 2252 1195 aut

28 1213 210 1267 praelatus
250 1213 356 1253 alius
394 1227 418 1253 a
454 1214 716 1254 conventibus
753 1216 900 1256 ordinis
938 1218 1216 1260 cisterciensis
1254 1224 1556 1274 procurationes
1593 1223 1750 1275 exigere
1779 1227 2004 1276 praesumat.
2049 1246 2098 1253 —
2143 1225 2250 1265 [Icel-

27 1286 217 1337 sinqaebr,
243 1285 285 1328 in
317 1283 381 1323 die
411 1282 468 1323 Sti
497 1283 706 1324 Benedicti
737 1285 907 1326 abbatis.

418 1356 605 1396 Langebek
631 1356 771 1400 Scriptt.
796 1358 859 1390 IX.
933 1382 942 1391 .
968 1358 1052 1392 Cod.
1081 1360 1219 1393 Esrom.
1246 1361 1307 1394 fol.
1333 1363 1468 1395 XXIX.

285 1416 442 1465 [1269]
501 1416 692 1457 Tuxoms
723 1418 817 1458 dicti
845 1420 1025 1459 CLenrcr
1065 1421 1204 1469 literae,
1249 1421 1396 1474 quibus
1433 1438 1479 1463 se
1516 1423 1665 1477 obligat
1702 1423 1752 1463 ad
1788 1426 1941 1463 “terras
1974 1425 2010 1463 in
2043 1425 2245 1466 Mieolden
2285 1426 2462 1470 12.Maj1.

25 1484 201 1533 marck”,
240 1499 340 1539 quas
368 1491 482 1539 pater
511 1489 622 1540 ejus,
652 1488 858 1529 Johannes
886 1489 1024 1543 Papae,
1067 1491 1274 1531 monachis
1303 1492 1402 1532 Loci
1431 1493 1507 1532 Dei
1537 1495 1574 1533 in
1607 1493 1824 1533 remedium
1855 1495 1994 1534 animae
2030 1509 2111 1534 suae
2142 1496 2244 1548 lega-

26 1560 143 1604 verat,
172 1559 454 1609 “quantotius''
483 1558 757 1607 redimendas,
786 1565 996 1614 postquam
1027 1575 1213 1601 reversus
1243 1562 1380 1612 suerit3
1411 1565 1502 1602 “sin
1531 1564 1652 1611 alias,
1691 1568 1834 1603 extunc
1864 1564 2087 1617 saepedictae
2118 1570 2242 1613 terrze,

23 1639 92 1680 per
118 1632 338 1680 praesentes
367 1630 628 1682 appropriatae
659 1633 700 1669 et
737 1634 921 1678 scotatae,
965 1630 1086 1670 libere
1119 1631 1262 1672 cedant
1300 1633 1337 1671 in
1374 1647 1491 1672 usum
1528 1633 1847 1673 monachorum'’.
1892 1657 1942 1663 —
1986 1634 2030 1673 ln
2067 1637 2241 1676 crastino

21 1699 271 1739 ascensionis
299 1699 461 1739 domini.

413 1770 603 1812 Langehek
628 1770 766 1814 Scriptt.
791 1772 887 1804 VIII.
910 1770 966 1804 98.

280 1831 437 1881 [1270]
494 1832 680 1872 Nrcomu
721 1830 845 1884 (Illffi)
883 1846 994 1886 papae
1033 1833 1082 1872 ad
1113 1847 1251 1873 omnes
1282 1835 1496 1887 episcopos
1526 1833 1680 1874 Sveciae
1709 1835 1956 1883 mandatum,
2000 1840 2043 1875 ut
2072 1837 2123 1876 ad
2151 1852 2238 1890 por-
2274 1836 2308 1870 6·
2343 1838 2450 1871 Junii.

21 1905 102 1941 tum
131 1901 368 1942 Scarensem
400 1904 670 1943 transmittant
696 1905 891 1956 pecunias
921 1905 1076 1956 negotio
1107 1907 1216 1942 tcrrae
1247 1907 1394 1942 sanctae
1425 1903 1660 1955 deputatas,
1688 1909 1731 1944 ut
1759 1905 1850 1945 inde
1875 1920 1946 1959 per
1977 1908 2237 1959 “magistrum

21 1971 280 2023 Bertrandum
313 1974 499 2013 Amalrici
530 1974 775 2027 capellanum
805 1978 1001 2021 nostrum,
1031 1974 1273 2012 Remensem
1304 1974 1556 2021 canonicum,
1601 1976 1639 2013 in
1670 1974 1822 2014 Sveciae
1853 1980 1892 2015 et
1920 1976 2071 2016 DAcm
2103 1979 2236 2029 regnis

19 2043 267 2083 collectorem
297 2043 459 2083 decimae
488 2058 512 2083 a
541 2044 639 2084 sede
668 2044 888 2097 apostolica
918 2043 1192 2096 deputatum”,
1236 2044 1274 2082 in
1303 2043 1508 2082 Franciam
1538 2044 1774 2084 deserantur.
1819 2067 1869 2073 -
1913 2046 2054 2087 Romce
2089 2062 2156 2101 ap.
2188 2047 2235 2088 S.

19 2112 210 2164 Petrum,
239 2113 346 2153 Vlll.
376 2114 430 2153 id.
459 2114 589 2161 Jnnii,
618 2114 761 2166 pontif.
791 2128 892 2153 anno
923 2113 1113 2152 secundo.

408 2184 584 2226 Liljegren
609 2184 836 2227 Diplomatar.
862 2187 1001 2217 Svecan.
1026 2185 1054 2217 I.
1080 2194 1135 2216 no.
1159 2183 1240 2216 673.
1265 2194 1297 2226 p.
1323 2183 1496 2216 547-48.

276 2246 434 2295 [1271]
491 2246 658 2294 Literae,
710 2246 855 2300 quibus
896 2245 1208 2284 MARGARETHA
1246 2246 1381 2297 regina
1424 2244 1608 2298 hospites
1644 2245 1694 2283 de
1725 2245 1968 2295 Teuthonia,
2021 2247 2235 2288 Gotlandia
2271 2248 2328 2281 24·
2361 2250 2458 2283 Julii.

17 2319 55 2355 et
82 2316 172 2356 aliis
201 2317 337 2364 terris,
380 2330 550 2370 pannum
581 2318 620 2355 in
650 2318 810 2370 civitate
839 2315 1014 2355 Revaliae
1039 2316 1153 2368 juxta
1182 2328 1406 2353 mensuram
1436 2315 1613 2354 ulnarum
1643 2315 1812 2355 vendere
1841 2321 1962 2356 vetat.
2001 2340 2050 2346 —
2095 2318 2233 2372 Nym·-

12 2385 159 2439 pz'nqlz,
190 2387 226 2425 in
256 2387 391 2439 vigilia
419 2387 526 2426 beati
554 2386 696 2426 Jacobi
725 2386 910 2440 apostoli.

407 2457 512 2490 Suhm
538 2451 634 2490 nist.
654 2458 695 2490 af
715 2457 860 2489 Danmk.
884 2457 929 2489 X.
958 2454 1056 2488 1009.

274 2518 429 2567 [1272]
486 2519 631 2559 Literae
660 2519 880 2558 N1cflonAr
911 2530 1018 2557 1³11.ss
1047 2516 1239 2562 Kanum-1,
1284 2515 1430 2568 quibus
1466 2515 1661 2564 declarat,
1704 2530 1750 2556 se
1789 2519 1919 2556 omnia
1954 2517 2058 2557 bona
2087 2532 2162 2558 sua
2192 2520 2229 2558 in
2258 2524 2310 2559 10.
2327 2527 2489 2570 Augusti.

14 2572 224 2640 Haesugnes
251 2603 398 2629 mensae
429 2590 589 2643 capituli
619 2589 856 2628 Arusiensis
883 2587 1127 2626 vendidisse.
1161 2608 1208 2614 —-
1240 2585 1283 2624 In
1313 2585 1377 2625 die
1406 2585 1512 2624 beati
1541 2585 1747 2625 Laurentii
1776 2588 1974 2639 martyris.

403 2660 591 2693 Lanwebek
617 2659 692 2693 Scri
719 2662 758 2691 tt.
783 2657 848 2691 Vl.
873 2657 951 2690 416.

273 2720 430 2770 [1273]
482 2687 678 2761 {heom
696 2671 834 2770 p(lllffi)
864 2733 976 2772 papae
1005 2717 1230 2757 mandatum
1257 2715 1306 2755 ad
1336 2715 1680 2769 archiepiscopum
1709 2716 1978 2766 Lundensem,
2008 2724 2051 2759 ut
2077 2720 2226 2759 Juttam
2251 2725 2307 2759 22.
2333 2728 2463 2771 septbr.

13 2776 147 2827 tiliamx
165 2789 211 2828 cl.
249 2804 367 2830 mem.
394 2790 503 2831 Erici
542 2793 649 2845 regis
679 2791 831 2838 Daciae,
876 2803 961 2843 quae
1001 2802 1049 2827 ex
1086 2787 1326 2826 monasterio
1365 2786 1408 2825 S.
1437 2787 1608 2837 Agnetis
1646 2786 1909 2827 Roskildensi
1943 2791 2031 2828 sine
2067 2789 2227 2829 licentia

13 2858 182 2906 exierat,
210 2858 387 2900 habitum
416 2858 634 2901 monialem
659 2861 863 2915 abjecerat
892 2864 931 2898 et
960 2857 1135 2912 quaedam
1166 2856 1268 2895 bona
1297 2857 1527 2894 monasterii
1559 2862 1839 2909 occupaverat,
1881 2858 1932 2897 ad
1969 2859 2139 2898 osticium
2169 2874 2226 2899 re-

13 2910 108 2966 verti
135 2934 313 2978 moneat,
358 2935 398 2970 et
433 2932 469 2970 si
498 2931 576 2971 hoc
605 2930 890 2983 contempserit
923 2943 994 2982 per
1027 2940 1145 2966 unum
1183 2939 1384 2972 mensem,
1429 2929 1510 2964 tum
1549 2925 1718 2977 singulis
1755 2926 1898 2967 diebus
1936 2928 2147 2969 dominicis
2185 2934 2226 2969 et

13 2994 189 3045 festivis,
217 3000 391 3052 pulsatis
419 3002 625 3054 campanis
655 3005 695 3040 et
723 2999 901 3039 candelis
931 2997 1135 3042 accensiS,
1164 2995 1322 3048 publice
1353 2996 1704 3043 excommunicet„
1732 2996 1859 3037 donec
1894 3012 2067 3051 congrue
2103 3013 2224 3053 super

12 3065 209 3117 praedictis
238 3069 493 3109 satisfecerit.
524 3093 574 3098 —
614 3070 811 3118 Viterbz‘i,
841 3070 894 3109 X.
924 3066 1074 3108 calend.
1106 3064 1269 3104 Octobr.
1295 3064 1435 3116 pontis.
1465 3078 1566 3104 anno
1596 3065 1787 3105 secundo.

401 3140 507 3173 Suhm
531 3141 624 3173 Hist.
650 3140 690 3173 af
710 3140 857 3172 Danmk.
882 3139 928 3171 X.
957 3135 1146 3169 1009-10.
1204 3133 1382 3174 LilJegren
1406 3133 1557 3177 Diplom.
1582 3136 1724 3168 Svecan.
1748 3137 1775 3169 1.
1806 3146 1863 3169 no.
1887 3137 1966 3171 881.
1993 3149 2024 3181 p.
2050 3138 2222 3172 727—28.

267 3201 424 3250 [1274]
482 3201 670 3249 Cacum,
698 3202 835 3241 relicta
865 3199 1012 3239 domini
1042 3196 1157 3236 Olavi
1186 3194 1424 3242 Haraldson,
1450 3195 1704 3235 donationem
1726 3196 1918 3238 bonorum
1943 3200 1981 3238 in
2010 3198 2219 3252 Waeghhy,
2247 3203 2300 3238 ll.
2334 3206 2456 3239 Novbr.

10 3269 213 3310 monachis
246 3269 559 3311 Esromensibus
596 3285 666 3324 per
694 3271 876 3311 maritum
906 3269 1036 3322 ipsius
1065 3267 1304 3305 testamento
1345 3264 1511 3312 saetam,
1554 3278 1626 3305 nec
1664 3279 1741 3306 non
1780 3267 1992 3309 eorundem
2029 3268 2219 3310 bonorum
