2649 3686
338 134 439 186 202
1141 125 1295 173 Koxe
1327 121 1459 169 Ean<
1492 118 1729 166 MENVED.
2154 174 2158 176 Β
2475 165 2479 171 ,

342 205 2535 232 W

154 307 272 349 1306.
601 304 756 354 [1659]
813 302 967 345 Literae,
998 297 1143 351 quibus
1166 295 1380 336 Ascnnns,
1411 301 1558 329 mcrns
1588 286 1894 334 Ramp1,Joon
1925 287 2030 326 dicto
2059 287 2179 328 Prest
2207 288 2362 341 plenam
2391 290 2539 330 confert

105 379 160 412 30·
185 377 317 422 Septbr·
342 376 609 417 auctoritatem
638 373 816 414 scotandi
846 370 1021 423 quaedam
1051 367 1167 406 bona
1179 363 1229 402 ad
1258 359 1453 414 quoddam
1482 358 1604 397 altare
1635 356 1673 395 b.
1702 357 1836 396 Mariae
1865 360 1905 395 et
1933 369 1968 396 s.
1997 355 2136 397 Jacobi
2173 358 2211 397 in
2248 359 2415 399 ecclesia
2443 361 2538 399 Aru-

339 447 463 486 siensi
492 445 541 485 de
571 457 669 483 novo
699 439 1014 481 construendum.
1043 457 1096 464 ——
1128 429 1403 484 Gctltenlcyor,
1433 428 1605 467 crastino
1636 425 1673 465 b.
1703 425 1927 465 Michaelis.

726 509 913 552 Langebek
938 504 1161 549 Scriptt.V.1
1187 501 1265 533 480.

113 586 144 618 5.
171 585 306 619 Octobr.
597 573 753 622 [1660]
813 570 947 609 OLAn
990 565 1164 619 episcopi
1201 559 1486 601 Roskildensis
1530 557 1666 603 literae,
1711 556 1877 610 quibus,
1921 561 2035 596 “cum
2079 559 2188 598 cives
2226 558 2461 599 Lundenses
2503 561 2539 599 ίῃ

339 645 530 686 communi
566 643 734 682 transitu
772 640 926 679 navium
958 637 1072 688 juxta
1109 631 1249 670 Jeland
1284 631 1321 668 in
1359 629 1490 679 Rugia
1529 631 1672 666 nostrae
1708 627 1908 666 dioecesis
1945 627 2201 667 Bollwerclce
2236 632 2463 669 construere
2503 634 2542 669 et

339 717 533 755 lucernam
563 712 703 752 ibidem
732 722 874 762 ponere
904 704 1102 744 intendant
1130 702 1178 740 ad
1207 698 1492 738 transeuntium
1523 697 1673 750 opus”‚
1717 696 1899 736 omnibus
1937 711 2028 736 vere
2056 698 2350 750 poenitentibus
2380 702 2420 738 et
2453 712 2540 738 con·

341 786 480 831 fessis,
511 785 575 836 qui
605 780 763 834 praefato
794 777 899 829 operi
929 786 1084 812 manum
1114 769 1355 823 porrexerint
1383 768 1636 820 adjutricem,
1678 766 1755 806 XL
1796 767 1882 806 dies
1917 767 2249 820 indulgentiarum
2282 768 2331 808 de
2368 769 2540 822 injuncta

341 856 390 894 iis
419 852 654 908 poenitentia
683 849 839 888 relaxat.
868 867 919 873 —
951 841 1123 888 Sandis,
1154 852 1343 878 nonarum
1371 838 1485 876 tertia
1513 837 1716 876 Octobris

726 917 898 950 Schwartz
922 915 1048 945 Kurtze
1072 909 1209 942 Einleit.
1233 918 1294 940 zur
1320 908 1447 948 Geogr.
1473 907 1532 940 des
1557 908 1989 941 Norder-Teutschlandes
2013 919 2045 952 p.
2074 908 2150 941 138.

106 989 155 1022 ιο.
183 989 317 1022 Octobr.
599 979 751 1029 [1661]
810 976 947 1014 Onam
970 971 1148 1025 episcopi
1164 969 1452 1009 Roskildensis
1475 969 1607 1013 literae,
1638 968 1818 1021 quibus‘
1822 972 1985 1009 ‘tertiam
2001 974 2158 1022 partem
2184 970 2317 1023 oppidi
2340 968 2540 1009 Routhen.

339 1053 493 1108 kyrckae
527 1052 563 1090 in
592 1047 774 1103 parochia
803 1042 985 1083 Rambini
1022 1042 1163 1093 Ruye,
1210 1044 1350 1079 nostrae
1382 1039 1438 1087 (oz
1469 1038 1602 1087 Olavi)
1633 1039 1876 1086 dioecesis”‚
1919 1040 1968 1080 ab
1998 1040 2166 1079 Henric'o
2197 1041 2404 1080 sacerdote
2433 1039 2542 1080 altari

339 1123 493 1165 cuidam
524 1118 721 1160 Sundensi
751 1116 900 1159 datam,
931 1114 968 1151 in
998 1112 1280 1165 protectionem
1308 1123 1422 1148 suam
1452 1111 1625 1162 suscipit
1655 1109 1953 1149 defendendam.
1989 1133 2045 1140 --
2081 1110 2256 1158 Sandis,
2298 1112 2335 1149 in
2374 1111 2542 1150 crastino

339 1191 522 1245 Dionysii
549 1188 727 1228 martiris.

722 1254 897 1286 Schwartz
923 1250 1129 1284 Gcschichte
1154 1251 1184 1283 d.
1211 1251 1340 1283 Pomm.
1365 1252 1456 1293 Riig.
1482 1249 1602 1282 Stadte
1628 1261 1660 1293 p.
1685 1250 1765 1284 693.
1824 1250 1990 1291 EJusdem
2015 1251 2144 1284 Kurtze
2167 1250 2304 1284 Einleit.
2328 1261 2390 1284 zur
2415 1250 2539 1293 Geogr.

721 1316 780 1348 des
804 1313 1229 1347 Norder-Teutschlandes
1254 1323 1287 1355 p.
1316 1311 1392 1344 149.

98 1399 150 1431 25¹
177 1397 311 1430 Octobr.
594 1378 737 1429 [1662]
797 1376 1010 1415 Conventio
1036 1376 1134 1413 inter
1151 1375 1338 1413 OLAVUM
1364 1375 1595 1426 episcopum
1620 1373 1930 1413 Roskildensem
1953 1377 1992 1412 et
2015 1373 2261 1414 Verznanm
2284 1373 2541 1426 Ruyanorum

103 1459 175 1501 (vel
200 1458 307 1501 ante).
333 1453 560 1507 principem,
599 1462 684 1487 cum
714 1460 914 1504 consensu
946 1444 1104 1498 capituli
1134 1444 1419 1483 Roskildensis
1449 1447 1489 1483 et
1517 1444 1567 1483 ad
1602 1444 1827 1484 instantiam
1864 1444 2031 1497 plurium
2062 1443 2247 1482 nobilium
2277 1448 2388 1483 terrae
2417 1443 2541 1496 Ruyae

332 1525 436 1569 inita,
464 1534 540 1574 qua
568 1519 829 1562 constituitur,
858 1520 901 1555 ut
930 1515 1065 1554 incolae
1095 1515 1237 1567 Ruyiae
1265 1516 1414 1554 ratione
1438 1514 1676 1554 decimarum
1701 1515 1982 1567 episcopalium
1999 1515 2195 1552 annuatim
2216 1513 2380 1553 XXXV
2407 1513 2542 1559 lestas,

332 1592 488 1633 duobus
519 1590 673 1630 talentis
702 1589 852 1633 minus,
898 1586 1066 1638 siliginis
1095 1584 1207 1624 bonae
1237 1588 1276 1624 et
1305 1585 1444 1637 legalis
1482 1586 1672 1638 episcopo
1702 1585 1962 1624 Roskildensi
1993 1584 2170 1635 solvant,
2213 1588 2330 1623 “cum
2367 1582 2444 1623 ΧΠ
2479 1596 2540 1622 so·

335 1663 425 1703 lidis
455 1675 574 1714 super
606 1657 777 1712 qualibet
809 1656 926 1703 lesta,
956 1670 1027 1709 pro
1058 1656 1143 1708 ipsa
1174 1656 1331 1706 siligine
1360 1656 1549 1708 episcopo
1580 1655 1823 1694 deducenda.
1853 1677 1906 1683 —
1936 1655 2030 1694 Sine
2059 1667 2160 1694 anno
2191 1658 2230 1694 et
2259 1655 2334 1695 die.

721 1727 907 1768 Langebek
931 1726 1070 1769 Scriptt.
1095 1727 1173 1758 VII.
1202 1724 1370 1757 145—46.

92 1801 143 1832 25.
171 1799 303 1832 Octobr.
589 1790 745 1840 [1663]
805 1789 946 1828 OLAVI
985 1787 1136 1847 epistS
1156 1823 1184 1870 ὲ
1162 1777 1484 1826 ’ς’ἷο51ςὶ1τ13η5ἰ5
1523 1786 1664 1833 literae,
1709 1785 1854 1839 quibus
1892 1786 2191 1825 conventionem
2229 1799 2351 1839 nuper
2386 1784 2542 1824 allatam

331 1864 422 1915 (vid.
453 1877 513 1903 no.
547 1862 678 1909 1662.)
707 1861 865 1912 Ruyam
895 1857 1140 1898 inhabitam
1156 1840 1362 1895 ‘iSnotam
1393 1856 1496 1895 facit.
1530 1879 1577 1884 —
1607 1856 1841 1905 Roslfz'ldis,
1873 1860 2011 1895 octavo
2042 1857 2191 1895 calend.
2220 1855 2433 1896 Novembr.

719 1933 808 1964 Acta
831 1928 990 1962 literaria
1017 1889 1164 1960 Sveciff
1174 1926 1275 1959 1729:
1299 1938 1330 1970 p.
1356 1925 1435 1958 599.
1483 1927 1668 1968 Langebek
1694 1925 1834 1969 Scriptt.
1857 1927 1936 1959 VII.
1967 1925 2138 1959 146-17.

100 2005 154 2037 22.
180 2005 305 2037 Novbr.
591 1993 746 2042 [1664]
803 1991 950 2030 lsARM
983 1989 1269 2042 archiepiscopi
1299 1988 1529 2028 Lundensis
1566 1989 1708 2035 literae,
1753 1988 1896 2041 quibus
1926 1987 2086 2027 Thomae
2122 1989 2309 2027 canonico
2337 1978 2563 2028 Lundensi‘

332 2066 517 2119 permittit
545 2064 749 2104 ecclesiam
779 2063 815 2100 in
846 2059 1010 2100 Bwrleff
1036 2074 1122 2099 cum
1152 2058 1360 2112 praebenda
1392 2072 1465 2097 sua
1496 2060 1748 2111 conjungere.
1778 2081 1831 2087 —
1859 2059 2041 2107 Laudis,
2070 2058 2121 2097 X.
2152 2058 2302 2098 calend.
2332 2057 2542 2107 Decemblss.

720 2132 898 2173 LilJegren
921 2130 1147 2173 Diplomatar.
1174 2132 1317 2175 Syecan.
1342 2129 1387 2161 11.
1412 2138 1467 2160 no.
1496 2128 1595 2160 1518.
1621 2139 1654 2171 p.
1680 2129 1759 2161 478.

100 2202 153 2234 23.
178 2202 300 2235 Novbr.
591 2194 746 2243 [1665]
803 2192 961 2243 E(ruc1)
1001 2193 1106 2243 regis
1150 2191 1421 2230 testimonium
1459 2189 1507 2229 de
1546 2190 1765 2229 scotatione
1801 2195 1968 2242 quatuor
2005 2190 2221 2229 solidorum
2258 2194 2464 2236 terrarum,
2503 2191 2539 2229 in

330 2265 630 2307 Staevenshaeret
658 2265 693 2303 in
717 2262 973 2302 Heliestathae
1004 2264 1181 2307 sitarum,
1218 2260 1380 2299 Nicolao
1412 2259 1515 2298 dicto
1542 2259 1666 2299 Tinde
1691 2273 1712 2299 a
1738 2259 1911 2299 Mathaeo
1937 2261 2040 2299 dicto
2069 2260 2175 2300 Lalae
2203 2274 2274 2314 pro
2299 2259 2373 2299 XL
2396 2261 2540 2300 marcis

331 2342 587 2390 “cupreorum
616 2334 728 2374 bonae
758 2333 942 2372 monetae’
973 2332 1087 2371 facta.
1119 2354 1168 2359 —
1208 2329 1578 2383 Worthirzybuvjh,
1610 2330 1671 2369 die
1702 2329 1806 2369 beati
1836 2330 2061 2369 Clementis.

722 2402 921 2437 VVeinwich
943 2401 1212 2435 Stevnsherreds
1239 2402 1302 2432 Bes
1305 2401 1359 2432 kr.
1385 2411 1416 2443 p.
1446 2399 1613 2432 116-47.

103 2477 156 2509 25.
183 2478 306 2510 Nox-br.
591 2465 735 2517 [1666]
792 2464 918 2503 Emer
962 2464 1160 2503 Sveonum
1204 2462 1316 2501 ducis
1359 2462 1409 2501 ad
1448 2462 1694 2501 consiliarios
1723 2463 1832 2514 regis
1857 2462 2063 2514 Norvegiae
2102 2461 2242 2507 literae,
2279 2466 2322 2500 ut
2359 2465 2542 2502 moneant

335 2551 464 2589 regem
490 2550 616 2582 suum,
646 2549 694 2574 ne
721 2534 880 2573 ullum‘
885 2534 946 2573 ‘de
976 2532 1196 2572 fautoribus
1227 2533 1314 2571 suis
1345 2532 1406 2571 vel
1438 2531 1515 2571 sibi
1544 2531 1739 2571 adhaerere
1771 2532 2003 2572 volentibus'
2008 2533 2016 2546 ²
2041 2545 2160 2584 regno
2190 2532 2359 2584 expellat
2385 2535 2542 2585 propter

336 2608 622 2660 placitationem
651 2618 737 2644 cum
767 2618 858 2656 rege
889 2604 1025 2643 Daniae
1055 2604 1206 2649 initam,
1249 2616 1337 2641 cum
1374 2601 1436 2640 hic
1466 2603 1551 2654 jam
1579 2584 1868 2654 placitationem
1898 2602 2116 2654 infregerit,
2159 2605 2334 2641 castrum
2370 2601 2541 2655 Haquini

338 2678 438 2729 regis
468 2675 741 2715 comburendo.
775 2696 821 2703 —
860 2674 1087 2722 Vazstene,
1118 2673 1180 2711 die
1210 2672 1251 2711 S.
1284 2672 1500 2711 Catharinae
1531 2672 1704 2723 virginis.

726 2743 913 2776 Thorkelin
939 2744 1104 2777 Analecta
1127 2754 1159 2786 p.
1186 2743 1334 2775 77—78.
1393 2741 1573 2782 Liljegren
1602 2742 1825 2785 Diplomatar.
1851 2743 1995 2775 Svecan.
2028 2742 2071 2775 11.
2104 2751 2158 2774 no.
2188 2740 2287 2774 1519.
2313 2752 2346 2784 p.
2369 2739 2539 2775 4⁷8—79.

725 2805 799 2839 cfr.
826 2806 930 2838 Suhm
955 2806 1047 2839 Hist.
1073 2806 1112 2838 af
1132 2804 1279 2837 Danmk.
1305 2804 1369 2836 Xl.
1395 2803 1568 2837 531—32.

157 2934 271 2975 1307.
1356 2919 1504 2969 1307.

122 3018 153 3050 2.
180 3018 305 3052 Martii.
602 3016 744 3066 [1607]
802 3016 955 3057 Emens
987 3032 1052 3057 rex
1080 3017 1183 3059 bona
1219 3021 1437 3058 conventus
1466 3016 1720 3056 Esromensis
1758 3015 1793 3054 in
1824 3013 2066 3067 Hughaelotis
2105 3015 2182 3055 sita
2212 3029 2297 3056 cum
2328 3017 2473 3058 familia
2501 3018 2537 3056 in

344 3085 492 3125 eisdem
522 3090 779 3124 commorante
809 3086 883 3125 sub
909 3101 981 3128 sua
1010 3101 1107 3140 pace
1137 3095 1175 3128 et
1202 3088 1444 3140 protectione
1474 3086 1642 3138 suscipit
1671 3084 1892 3138 specialiter
1921 3085 2177 3126 defendenda.
2216 3108 2269 3115 —
2306 3085 2537 3133 Roslcildis,

346 3155 477 3208 quinta
507 3155 598 3195 seria
626 3168 733 3207 prox.
763 3161 850 3195 ante
879 3156 1107 3196 dominicam
1137 3158 1273 3198 mediae
1303 3156 1624 3210 quadragesimae.

730 3225 912 3268 Langebek
937 3227 1074 3270 Scriptt.
1101 3229 1161 3261 IX.
1256 3251 1265 3261 .
1314 3227 1397 3261 Cod.
1423 3228 1557 3260 Esrom.
1583 3224 1643 3259 sol.
1670 3226 1759 3258 Lul.
