2649 3686
372 128 530 177 KoNG
564 126 910 181 Cnmsrormn
944 150 1039 183 nm
1074 134 1277 185 ANDEN.
1349 136 1675 203 [VALDEMAR
1708 138 1978 204 mesm).
2183 145 2280 194 241

73 299 278 340 haeserint’·
307 289 576 341 defensurum.
635 301 847 343 Testibus:
897 305 1071 346 Gerardo
1101 308 1202 348 duce
1230 307 1348 349 Jutiae
1377 314 1471 355 etc„
1510 310 1630 349 Petro
1658 311 1876 359 Johannis,
1919 313 2147 354 cancellario
2177 319 2281 384 ‘egio
2354 320 2470 363 1326.

67 373 109 411 et
134 369 203 410 lv.
232 369 437 410 militibus.
466 393 519 400 -
551 370 878 423 Str-alemoniis,
909 374 1100 418 dominica
1129 392 1239 431 prox.
1269 382 1358 419 ante
1387 379 1572 432 Dionysii
1602 384 1640 420 et
1669 382 1880 420 sociorum.
2311 388 2342 420 5.
2368 390 2503 424 Octobr.

460 441 640 474 San-torius
668 443 792 476 Gesch.
818 445 850 477 d.
877 447 994 479 Hanse
1020 448 1072 480 ed.
1099 448 1333 492 anpenberg.
1358 449 1403 483 11.
1428 460 1484 483 no.
1511 449 1694 482 cxxxH.
1717 462 1751 494 p.
1774 450 1945 484 315-16.

328 500 486 551 [2004]
543 502 820 544 VVAanmni
853 505 1053 548 Danorum
1084 509 1369 563 Slavorumque
1407 512 1511 564 regis
1549 512 1718 565 diploma
1756 512 1805 552 de
1843 512 2056 565 privilegiis
2085 514 2280 555 Stralsun-
2310 525 2344 558 5.
2369 526 2504 561 Octobr.

67 569 260 612 densibus
288 572 325 611 in
357 572 541 611 nundinis
572 573 845 614 Scanensibus
875 579 1093 618 concessis.
1151 578 1361 622 Testibus:
1392 579 1567 621 Gerardo
1594 582 1693 622 duce
1722 581 1855 621 Juttiae
1884 585 1978 628 etc„
2009 581 2065 621 lv
2093 583 2278 625 militibus

61 642 106 682 ‘et
132 640 221 682 aliis
251 641 460 695 “pluribus
491 642 735 694 fidedignis’'.
766 667 819 673 —
851 645 1179 697 Stralessunde‘s‚
1210 649 1322 689 dfiica
1352 654 1441 690 ante
1471 651 1656 704 Dionysii
1686 655 1725 692 et
1753 653 1964 691 sociorum.

453 712 629 746 sartorius
657 714 783 747 Gesch.
810 715 842 748 d.
868 718 987 750 nanse
1011 718 1062 750 ed.
1089 719 1324 762 Lappenberg.
1348 721 1392 753 11.
1417 731 1472 754 no.
1499 721 1683 756 CXXXI&
1708 733 1741 765 p.
1764 721 1938 755 ³16—17.

322 772 480 823 [2005]
538 773 816 816 VVAanuAiu
848 777 1049 818 Danorum
1088 780 1374 834 Slavorumque
1404 783 1509 835 regis
1546 784 1724 823 extensio
1760 782 2051 836 privilegiorum
2081 783 2280 823 Stralsun-
2310 796 2342 828 5,
2369 797 2505 831 Octobr.

0 892 1 902 η
61 842 256 884 deneibus
284 843 321 882 in
353 843 536 883 nundinis
566 845 838 886 Scanensibus
868 861 1164 889 concessorum.
1230 850 1420 891 Testibus
1459 853 1662 893 Gherardo
1699 853 1799 893 duce
1828 851 1944 892 Jutiae
1979 858 2076 900 etc.,
2120 854 2277 893 (luobus
2408 841 2410 845 V

62 911 250 952 militibus
279 917 319 953 et
347 914 437 954 aliis
467 914 686 966 fidedigniS.
716 939 769 944 —
800 916 1128 967 Stralessuude's,
1158 920 1347 961 dominica
1377 926 1466 962 ante
1495 922 1678 976 Dionysii
1707 927 1745 963 et
1774 924 1984 963 sociorum.

453 985 631 1018 Sertorius
659 986 784 1039 Gesch.
811 987 843 1019 d.
869 989 984 1020 Hanse
1010 988 1061 1021 ed.
1086 990 1257 1033 Lappenb.
1283 991 1327 1023 ΙΙ.
1352 1002 1407 1024 no.
1434 991 1616 1026 CXXth.
1643 1005 1674 1036 p.
1699 993 1780 1026 317.

319 1046 477 1095 [2006]
537 1046 734 1088 GsnAnm
770 1047 886 1088 Jutiae
931 1049 1066 1097 ducis,
1121 1054 1274 1091 comitis
1310 1052 1501 1093 Holsatiae
1545 1059 1584 1093 et
1622 1055 1844 1094 Stormariae
1881 1057 1920 1094 et
1956 1066 2083 1094 neom
2122 1053 2275 1094 Diem
2301 1063 2335 1096 9.
2374 1064 2510 1098 Octobr.

57 1129 237 1159 ‘ru-roms
267 1116 458 1170 diploma,
495 1130 573 1170 quo
604 1118 800 1158 civitatem
831 1119 1117 1166 Strahlesund,
1163 1125 1285 1160 totum
1322 1123 1580 1176 principatum
1609 1124 1856 1178 Rujanorum
1892 1129 1931 1164 et
1968 1124 2115 1164 incolas
2145 1125 2275 1178 ipsius

57 1189 181 1228 “tueri
225 1191 263 1227 et
307 1187 542 1227 defendere”
583 1189 795 1240 promittit,
839 1193 877 1227 et
913 1190 1132 1242 privilegia,
1176 1206 1244 1244 per
1283 1191 1576 1232 waldemarum
1606 1193 1808 1234 Danorum
1847 1208 1977 1245 regem
2015 1195 2099 1234 sive
2128 1196 2273 1248 praede-

56 1272 243 1299 cessores
279 1260 371 1312 ejus
401 1259 486 1297 sive
515 1271 585 1311 per
623 1257 823 1297 dominum
852 1260 1158 1308 XVartislavum,
1200 1261 1338 1301 ducem
1379 1264 1666 1311 Stetinensem,
1705 1265 1754 1303 iis
1792 1277 1987 1303 concessa
2025 1266 2206 1305 “nomine
2235 1270 2274 1305 et

56 1328 162 1368 vice‘’
191 1328 298 1380 regis
328 1329 568 1367 confirmare.
627 1327 774 1368 Testes
803 1334 1042 1382 praesentes:
1073 1330 1283 1384 Adolphus
1312 1345 1447 1372 comes
1478 1333 1526 1372 de
1556 1332 1897 1380 Schowenborcb‚
1928 1333 2106 1374 Canutus
2132 1335 2270 1381 Porse,

54 1398 168 1440 Doso
198 1398 315 1439 Blok.
347 1421 396 1426 —
428 1399 506 1438 Die
537 1397 574 1437 b.
604 1397 789 1450 Dionysii
819 1402 858 1438 et
887 1400 1085 1439 sociorum
1115 1402 1218 1453 ejus.

450 1468 644 1502 Michelsen
669 1463 992 1502 Urkunden‘samml.
1017 1470 1061 1503 11.
1086 1480 1141 1503 no.
1165 1471 1243 1503 Lx.
1269 1482 1301 1514 p.
1327 1471 1477 1505 67—68.

315 1529 473 1579 [2007]
531 1529 811 1570 WAanuAlu
852 1530 1055 1571 Danorum
1088 1532 1376 1585 Slavorumque
1413 1535 1519 1586 regis
1557 1534 1803 1582 mandatum,
1846 1539 1889 1575 ut
1933 1549 2073 1575 omnes
2111 1537 2147 1574 in
2186 1534 2270 1574 foro
2299 1543 2352 1577 13.
2376 1544 2504 1579 Novbr.

54 1600 223 1654 Ripensi
246 1601 463 1641 vendentes
490 1604 529 1640 et
557 1604 752 1647 ementes,
793 1602 1069 1655 cujuscunque
1099 1602 1360 1648 conditionis,
1403 1603 1635 1644 consulibus
1664 1604 1910 1657 Ripensibus
1940 1604 2200 1645 obedientiam
2230 1606 2268 1644 in

55 1670 238 1711 omnibus
266 1670 486 1725 praebeant,
518 1685 589 1711 nec
619 1685 694 1710 non
725 1675 767 1710 ut
796 1670 979 1724 hospites
1007 1686 1075 1725 per
1102 1676 1223 1711 totam
1255 1670 1440 1724 hyemem
1470 1674 1505 1712 in
1537 1673 1611 1713 hac
1640 1673 1737 1714 urbe
1762 1680 2049 1715 commorantes
2073 1674 2268 1715 contribu-

52 1741 216 1788 tionem,
259 1741 420 1795 Byskat
462 1741 626 1788 dictam,
672 1742 841 1782 solvant.
883 1763 936 1770 -—
986 1741 1177 1787 Warwit,
1221 1742 1354 1794 quinta
1384 1742 1477 1782 seria
1502 1745 1676 1796 proxima
1704 1748 1798 1797 post
1833 1744 1935 1784 diem
1973 1744 2077 1784 beati
2112 1745 2268 1784 Martini

50 1813 230 1866 episcopi
257 1816 297 1853 et
325 1812 578 1852 confessoris.

447 1885 621 1926 Terpager
644 1881 738 1926 Ripae
763 1881 890 1915 Cimbr.
915 1892 947 1924 p.
972 1880 1052 1914 692.
1099 1882 1244 1925 interpr.
1269 1883 1358 1916 Dan.
1384 1893 1439 1926 ap.
1466 1882 1633 1926 Galthen,
1659 1883 1784 1916 Beskr.
1809 1893 1861 1916 ov.
1886 1883 1971 1917 Bibe
1995 1894 2027 1926 p.
2056 1884 2132 1918 16⁷.

315 1944 475 1994 [2008]
533 1944 676 1984 Literae
707 1944 1011 1984 testimoniales:
1041 1942 1309 1984 Bno'rnssnum
1340 1945 1557 1990 diaconum,
1588 1945 1815 1983 canonicum
1846 1945 2118 1992 Arusiensem,
2147 1959 2268 1999 super
2297 1956 2353 1990 23.
2377 1956 2502 1991 Novbr,

52 2027 129 2055 una
158 2014 265 2054 curia
294 2015 331 2053 in
358 2014 492 2067 Agard
524 2018 562 2053 et
591 2028 666 2054 una
698 2015 803 2053 curia
833 2015 870 2053 in
900 2013 1052 2052 Brinnae
1083 2027 1170 2052 cum
1201 2014 1436 2066 quibusdam
1466 2015 1580 2054 terris
1616 2014 1651 2052 in
1681 2013 1947 2054 Brinnaemark
1984 2019 2024 2054 et
2054 2014 2264 2069 Troldorp-

51 2084 162 2125 mark
198 2084 308 2130 sitis,
351 2098 550 2138 nunquam
591 2088 800 2137 antequam
839 2083 915 2122 hoc
952 2097 1052 2123 anno
1088 2097 1158 2137 per
1188 2082 1349 2123 Petrum
1385 2084 1530 2123 dictum
1569 2084 1761 2134 Stagnum
1798 2087 1836 2123 et
1869 2083 2031 2124 Petrum
2069 2085 2263 2138 quendam

50 2155 197 2196 dictum
226 2154 406 2195 “Romu”
436 2156 698 2208 quaeremonia
727 2155 942 2207 impetitum
973 2167 1077 2193 esse.
1104 2175 1159 2182 —
1186 2153 1263 2193 Die
1293 2155 1419 2193 sancti
1450 2153 1678 2193 Clementis.

445 2225 634 2266 Langehek
659 2224 797 2268 Scriptt.
822 2223 884 2257 VI.
910 2223 989 2256 449.

314 2286 470 2336 [2009]
527 2287 802 2326 WVALnEmAm
833 2287 938 2337 regis
967 2285 1202 2324 confirmatio
1231 2283 1520 2337 privilegiorum
1549 2284 1885 2331 Slesvicensium,
1914 2283 2060 2338 quibus
2089 2297 2113 2324 a
2140 2298 2264 2325 censu
2292 2299 2343 2332 14,
2378 2300 2500 2334 necbr,

51 2370 178 2397 annuo
208 2356 414 2412 limiam,
458 2357 703 2410 ,eimoeqiald
737 2359 775 2395 et
808 2356 896 2395 aliis
926 2354 1197 2394 exactionibus
1226 2352 1336 2393 liberi
1366 2353 1623 2393 declarantur.
1659 2376 1711 2382 —
1754 2353 1896 2407 Ripis,
1940 2355 2110 2393 crastino
2138 2353 2262 2394 beatae

49 2425 185 2468 Luciae
215 2428 390 2479 virginis.

444 2497 557 2530 Noodt
581 2499 754 2540 Beytritge
777 2498 804 2530 Ι.
829 2507 862 2539 p.
890 2495 965 2528 171.

313 2558 469 2608 [2010]
527 2558 782 2610 privilegium
811 2558 1084 2597 wammam
1115 2555 1319 2594 Danorum
1349 2554 1636 2607 Slavorumque
1665 2555 1788 2606 regis,
1818 2567 1896 2606 quo
1921 2553 2090 2606 capitulo
2115 2553 2264 2593 Slesvi-
2290 2556 2342 2591 14.
2375 2558 2497 2593 Decbr.

49 2628 157 2668 censi
179 2630 461 2668 “executiones
490 2629 804 2679 (exacffioneff)
835 2628 1004 2666 omnium
1028 2638 1234 2665 causarum
1260 2627 1351 2672 tam,
1382 2624 1456 2663 XL
1481 2637 1695 2664 marcarum
1721 2638 1837 2677 quam
1859 2624 2082 2663 inferiorum
2097 2623 2259 2677 jurium,

10 2700 15 2705 ⁴
50 2699 157 2751 regio
181 2700 260 2752 Juri
291 2698 492 2748 debitas’',
523 2698 714 2737 concedit.
743 2720 796 2727 —
823 2697 965 2750 Ripis,
996 2696 1165 2734 crastino
1195 2693 1233 2732 b.
1264 2693 1398 2732 Luciae
1427 2695 1601 2746 virginis.

442 2769 676 2812 Westphalen
702 2770 852 2801 Monum.
877 2766 965 2798 ined.
990 2766 1052 2798 IV.
1075 2763 1269 2796 3116—17.

311 2830 468 2879 [2011]
526 2831 806 2870 Wunamm
845 2829 949 2879 regis
987 2826 1155 2865 exemtio
1194 2823 1382 2863 bonorum
1412 2823 1618 2863 scolarium
1649 2824 1870 2877 Ripensum
1900 2824 1949 2864 de
1977 2823 2093 2864 domo
2121 2823 2262 2864 Pukae-
2287 2834 2343 2868 20,
2375 2836 2496 2870 Deebr,

49 2899 125 2940 tort
153 2898 201 2940 ab
233 2886 500 2953 expeditione,
531 2900 773 2952 impetitione
803 2898 1015 2942 exactoria,
1044 2895 1172 2943 Innce,
1201 2894 1343 2943 stwtlc,
1375 2895 1594 2947 ceterisque
1624 2893 1731 2946 regio
1755 2895 1836 2948 juri
1867 2892 2024 2934 debitis.
2049 2916 2102 2923 --
2123 2893 2258 2947 Ripis,

49 2969 86 3008 in
116 2969 247 3022 vigilia
277 2969 380 3009 beati
411 2969 572 3009 Thomae
603 2968 789 3022 apostoli.

338 3038 341 3039 ⁷
442 3041 618 3084 Terpager
641 3039 737 3082 Ripae
764 3037 890 3070 Cimbr.
916 3046 947 3079 p.
972 3034 1051 3067 472.

312 3100 469 3150 [2012]
526 3101 798 3140 NVALnEMAm
831 3097 1028 3136 Danorum
1059 3095 1346 3146 Slavorumque
1376 3095 1481 3146 regis
1509 3094 1709 3147 privilegia
1734 3096 1981 3141 mercatoria,
2011 3093 2257 3134 civitatibus:

49 3168 298 3217 Lubecensi,
334 3171 632 3217 WVismariensi,
676 3167 976 3212 Rozstokiensi,
1014 3163 1312 3203 Stralsundensi
1355 3168 1394 3203 et
1424 3163 1774 3217 Grypeswoldensi
1805 3165 1908 3205 data.
1938 3187 1989 3194 —-
2019 3165 2115 3205 Sine
2143 3178 2257 3205 anno.

443 3241 610 3274 Bostock.
636 3238 817 3272 woclientl.
842 3236 968 3269 Nachr.
997 3233 1095 3267 1753,
1121 3244 1151 3277 p.
1181 3233 1256 3267 142.
1285 3233 1451 3266 145-47.

118 3302 246 3338 aegest.
266 3303 344 3332 nan.
363 3303 387 3332 1.
1958 3298 2007 3338 31
