2649 3686
142 268 260 309 1456.

81 338 137 370 21.
162 337 305 381 Aprilis.

80 475 138 507 25.
164 475 306 518 Aprilis.

140 815 262 858 Aprili.

101 1154 155 1187 27.
190 1154 288 1194 Mafi.

103 1848 157 1880 27.
184 1846 279 1888 Maji.

100 2052 151 2083 13.
177 2051 282 2084 Junii.

102 2320 154 2352 13.
180 2320 285 2353 Junii.

104 2655 158 2688 21.
192 2655 296 2688 Junii.

101 2922 156 2954 25.
184 2921 289 2955 Junii.

110 3187 166 3220 25.
192 3186 288 3220 Julii.

330 99 429 146 452
1007 91 1163 139 Kosa
1197 86 1470 137 Cnms'rlAN
1505 100 1602 132 mex
1639 83 1850 130 Fonsrss.

592 267 753 318 [3962]
810 264 943 314 Forlig
971 260 1059 299 med
1087 259 1240 309 Hertug
1267 258 1413 295 Aaou?
1444 255 1488 294 af
1511 254 1670 305 Slesvig
1699 267 1750 305 og
1777 253 2136 292 Diwmnsumm.
2168 277 2217 282 —
2248 254 2411 300 Istc-leo,
2445 269 2550 308 vppe

332 341 406 381 (len
426 343 610 393 negcsten
628 335 874 376 Midwekene
899 346 945 370 na
963 331 1073 369 deme
1091 327 1275 376 Sondage
1292 326 1375 364 alse
1391 339 1479 363 rnen
1495 326 1532 363 in
1559 324 1627 362 der
1642 323 1771 375 hilgen
1788 323 1970 362 Kercken
1994 324 2124 375 singet
2137 323 2322 363 Jubilate.
2383 323 2548 375 (Platt.).

723 403 911 437 Michelsen
927 401 1088 433 Ditmai-s.
1102 395 1376 430 Urkundenbucli
1391 406 1422 436 p.
1436 394 1584 426 59—60.
1632 396 1809 426 Neocorus
1823 393 2072 435 hcrausgegcb.
2087 404 2117 425 v.
2130 393 2320 426 Dahlmann
2337 395 2363 427 I.
2377 394 2549 428 (uo-42³..

592 466 754 518 [3963]
810 464 985 502 Pn’rnfflr
1015 460 1155 505 Luxu,
1198 456 1432 496 Raadniand
1471 457 1482 494 i
1521 455 1802 501 Landskrone,
1842 455 1982 506 saelger
2015 469 2090 508 paa
2130 468 2227 507 egne
2265 469 2315 507 og
2350 455 2549 495 Hustrnes

331 542 484 581 Karina}
518 540 653 590 Vegne
692 535 733 574 til
769 533 842 584 Jep
881 531 1127 574 Claweszen,
1172 527 1450 578 Borgemester
1487 526 1497 563 i
1534 524 1803 576 Kiipnehagn,
1848 525 1962 576 nogle
1992 525 2153 563 Grunde
2183 540 2232 577 og
2260 525 2418 572 Jorder,
2462 540 2548 566 som

332 624 404 663 paa
435 610 534 648 hans
564 608 758 646 Hustrues
786 603 920 652 chne
949 611 1040 636 vare
1068 596 1245 635 tilfaldne
1285 596 1374 634 ham
1407 597 1417 634 i
1448 597 1530 635 Arv
1567 594 1666 633 ester
1700 593 1811 633 Citze
1848 595 2087 648 Marquartz.
2132 617 2181 623 ——
2225 595 2547 644 Laudeslcrone,

332 680 466 719 Sancti
496 678 618 717 Marci
649 673 765 723 dagh.

720 745 794 784 Nye
820 739 960 772 Danske
984 736 1145 778 Magazin
1170 737 1197 768 I.
1224 747 1256 778 p.
1285 736 1360 768 125.

587 805 744 855 [3964]
803 801 1088 840 Cnmsrmnm
1119 799 1222 850 regis
1255 798 1370 836 litera:
1399 797 1449 836 ad
1479 797 1672 836 Calixtum
1712 795 1876 847 (filiium)
1914 810 2078 849 papam,
2124 796 2265 850 quibus
2296 798 2440 837 credem
2470 799 2549 852 epi·

332 880 443 931 scopi
481 875 691 927 Bergensis
728 871 947 917 annuntiat,
999 872 1213 921 rogatque,
1259 873 1301 906 ut
1349 868 1595 928 interdictum
1641 868 1958 906 ecclesiasticum
2001 867 2132 915 tollat,
2183 871 2222 907 et
2258 869 2425 907 electum
2470 871 2548 921 epi-

331 962 493 1000 scopum
523 944 697 984 Joachim
726 939 880 987 Grnbb,
913 940 1141 978 canonicum
1172 938 1494 984 Roskildensem,
1525 939 1705 990 quamvis
1735 941 1885 976 aetatem
1906 938 2057 990 justam
2081 951 2157 976 non
2180 937 2295 990 plane
2319 939 2547 991 impleverit,

330 1020 365 1057 in
395 1018 468 1056 hoc
498 1028 653 1054 munere
684 1011 893 1050 confirmet.
927 1032 976 1038 -—
1012 1008 1306 1062 Copenhnven,
1336 1008 1500 1059 Aprilis.

717 1081 906 1121 Langcbek
931 1079 1070 1122 Scriptt.
1095 1081 1176 1110 Ber.
1202 1080 1292 1110 Dan.
1318 1078 1415 1110 vlu.
1441 1077 1614 1110 373—74.

585 1144 742 1194 [3965]
801 1142 1129 1181 Cnnlsrn-:ers
1170 1154 1234 1178 rex
1266 1140 1541 1179 Geminianum
1572 1139 1839 1179 Trivisanum.
1884 1139 1980 1178 aulae
2006 1141 2120 1192 regim
2150 1140 2384 1193 palatinum,
2415 1145 2548 1180 contu-

326 1218 519 1259 bernalem
544 1220 583 1254 et
611 1227 812 1267 procerem
843 1226 979 1259 suum,
1012 1215 1204 1255 oratorem
1235 1213 1274 1248 et
1303 1209 1608 1248 ambasiatorem
1639 1210 1690 1248 ad
1718 1210 1988 1263 Alphonsum‚
2020 1211 2228 1262 Aragoniae
2258 1225 2400 1262 regem,
2430 1213 2549 1250 mittit

326 1303 412 1329 cum
450 1287 592 1332 literis,
636 1285 671 1322 in
712 1282 856 1335 quibus
887 1281 1022 1327 refert,
1060 1279 1136 1319 sibi
1168 1294 1255 1318 cum
1288 1278 1483 1326 Tartaris,
1530 1280 1768 1327 Cmnanitis,
1811 1280 2075 1333 Erpionibus,
2124 1280 2300 1319 Mandu-is
2344 1286 2382 1321 et
2423 1281 2548 1334 Lapis

325 1359 466 1399 bellum
498 1369 589 1395 esse
618 1357 779 1407 propter
808 1352 1035 1391 invasiones
1065 1350 1223 1389 crebras
1255 1351 1290 1388 in
1320 1349 1579 1401 Norvegfflm,
1624 1353 1810 1403 praeterea
1847 1365 1934 1389 cum
1972 1365 2064 1403 rege
2095 1350 2346 1398 Swecorum,
2391 1354 2429 1389 et
2458 1365 2546 1390 cum

324 1429 536 1480 Anglorum
565 1438 655 1477 rege
686 1423 855 1462 dissidia
883 1424 1042 1475 propter
1068 1419 1306 1466 Islandiam3
1353 1420 1492 1458 deinde
1520 1420 1702 1472 pluribus
1733 1419 1865 1459 verbis
1894 1421 2121 1474 perstringit
2155 1421 2385 1473 injustitiam
2413 1434 2545 1473 papae,

326 1512 443 1551 quum
474 1498 597 1535 virum
626 1494 874 1547 peregrinum
904 1492 1250 1545 archiepiscopum
1279 1489 1579 1529 Nidrosiensem
1610 1495 1801 1537 creasset,
1830 1491 2071 1543 postulatum
2100 1505 2193 1530 vero
2225 1492 2263 1530 in
2292 1491 2351 1530 via
2383 1491 2547 1530 detineri

324 1573 363 1608 et
392 1567 548 1621 spoliari
578 1567 769 1611 curasset,
799 1563 902 1602 unde
926 1561 1147 1601 discordias
1171 1565 1210 1599 ct
1234 1560 1453 1599 seditiones
1476 1564 1515 1599 et
1538 1560 1666 1599 caedes
1691 1560 1899 1599 multorum
1925 1564 2031 1599 ortas
2056 1574 2149 1600 esse
2172 1561 2276 1600 dicit.
2336 1559 2546 1600 Postremo

323 1643 450 1691 rogat,
482 1641 525 1676 ut
553 1635 644 1675 velit
672 1649 739 1673 rex
769 1634 1038 1672 auctoritatem
1069 1645 1183 1670 suam
1216 1632 1479 1682 interponere,
1518 1633 1561 1668 ut
1596 1631 1772 1683 pontifex
1809 1631 2004 1669 maximus
2033 1631 2082 1669 ad
2118 1632 2290 1670 animum
2319 1630 2546 1670 mutandum

323 1709 538 1747 inducatur.
571 1729 619 1733 —
651 1705 699 1745 In
732 1705 895 1751 Haven,
924 1702 992 1741 VI.
1024 1701 1175 1741 calend.
1207 1701 1327 1740 Junii.

715 1774 899 1815 Langebek
927 1772 1064 1815 Scriptt.
1090 1773 1172 1804 Rer.
1200 1773 1288 1804 Dan.
1314 1772 1410 1804 VIII.
1435 1770 1606 1803 367—69.

585 1837 748 1887 [3966]
807 1835 1018 1874 Tractatus
1042 1833 1398 1873 confoederationis
1432 1833 1529 1871 inter
1553 1833 1762 1872 Canorrm
1793 1831 1983 1882 (Vllmum)
2011 1847 2140 1885 regem
2164 1833 2338 1872 Franciae
2360 1835 2398 1871 et
2418 1831 2545 1871 Calu-

325 1921 543 1948 srmnxrn
563 1922 691 1959 regem
709 1907 857 1946 Daniae.
882 1928 930 1933 —
958 1905 1104 1944 Actum
1123 1906 1351 1943 incivitate
1372 1902 1620 1952 Coloniensi,
1652 1903 1715 1942 die
1730 1903 1857 1950 Jovis,
1881 1904 2072 1956 vigesima
2084 1903 2251 1956 septima
2266 1903 2417 1942 mensis
2430 1902 2542 1955 Maji.

715 1979 864 2009 Durnont
889 1976 1000 2017 Coi-ps
1027 1974 1107 2016 dipl.
1134 1974 1198 2005 Ill.
1228 1973 1402 2005 239-40.

582 2040 746 2089 [3967]
805 2038 1127 2077 Cnmsrmnns
1170 2049 1237 2073 rex
1280 2035 1404 2073 literis
1441 2034 1691 2074 commendat
1726 2034 1876 2074 Calixto
1919 2033 2050 2085 (flpfo)
2094 2048 2206 2088 papae
2244 2032 2545 2073 ambasiatorem

322 2124 437 2150 suum
468 2109 743 2149 Geminiannm
773 2108 1042 2153 Trivisanum,
1085 2106 1301 2158 palatinum
1339 2105 1436 2144 aulae
1466 2105 1608 2157 regalis
1644 2098 1844 2157 procerem
1875 2109 1912 2143 ct
1942 2105 2170 2143 scntiserum
2201 2117 2336 2151 suum,
2378 2105 2544 2142 missum

323 2182 370 2220 de
399 2195 521 2220 causa
550 2178 1042 2221 Nidrosiensis.ecelesioe.
1074 2198 1123 2204 ——
1155 2176 1204 2216 ln
1234 2184 1373 2216 castro
1406 2177 1644 2227 Hafniensi,
1676 2175 1765 2214 idus
1794 2175 1916 2213 Junii.

717 2249 903 2289 Langebek
930 2247 1069 2290 Scriptt.
1095 2248 1222 2278 Rerum
1249 2248 1336 2278 Dan.
1362 2246 1461 2278 vm.
1485 2246 1565 2277 376.
1614 2246 1718 2278 Suhm
1746 2244 1940 2285 samunger
1967 2245 1993 2277 1.
2020 2245 2080 2276 Bd.
2105 2244 2138 2277 3.
2167 2245 2207 2275 Η.
2235 2254 2265 2286 p.
2289 2242 2346 2275 99.

585 2311 747 2363 [3968]
804 2310 1086 2349 Cunlsrlnnxr
1118 2308 1220 2360 regis
1244 2308 1361 2346 literae
1392 2307 1442 2346 ad
1470 2306 1688 2346 Johanncm
1712 2306 1984 2358 presbyterum
2011 2305 2243 2344 cardinalem
2268 2304 2402 2343 Sancti
2427 2305 2542 2351 Sixti,

323 2383 463 2437 quibus
493 2384 652 2436 exponit
680 2380 875 2434 pericula,
915 2394 999 2433 qua:
1032 2392 1150 2431 regno
1189 2391 1262 2416 suo
1299 2381 1460 2430 propter
1502 2377 1663 2416 Henrici
1700 2376 1892 2415 Kaldisen
1937 2377 1974 2415 in
2022 2375 2202 2414 Romana
2245 2376 2352 2413 curia
2394 2389 2542 2414 moram

323 2456 572 2500 immineant,
603 2456 641 2490 et
669 2451 856 2490 auxilium
886 2449 1092 2489 cardinalis
1121 2448 1322 2500 implorat,
1354 2448 1514 2486 mittens
1542 2446 1711 2485 Romam
1743 2446 2018 2486 Geminianum
2049 2445 2296 2484 Trivisanum
2325 2445 2538 2497 palatinum

324 2525 419 2563 aulae
449 2525 584 2576 regiae,
615 2521 861 2567 scutiferum,
892 2519 1193 2558 ambasiatorem
1222 2521 1262 2555 et
1292 2521 1483 2555 oratorem
1515 2530 1642 2555 suum.
1676 2540 1725 2545 —
1756 2516 1851 2555 Idus
1880 2517 2003 2556 Junii.

712 2587 902 2628 Langebek
926 2585 1065 2627 Scriptt.
1090 2585 1172 2616 Ber.
1197 2585 1285 2616 Dan.
1310 2583 1406 2615 VIII.
1431 2583 1605 2615 372-73.
1717 2577 1723 2584 ‘

580 2650 739 2699 [3969]
795 2647 1131 2700 Bytings-Vidne,
1176 2649 1215 2684 at
1259 2645 1338 2684 Jni‘
1379 2644 1630 2690 Cmnszm,
1674 2643 1953 2696 Borgemester
1989 2645 2001 2682 i
2037 2642 2291 2695 Kiipenliafn,
2336 2642 2423 2682 blev
2462 2644 2542 2683 lov-

325 2721 423 2772 ligen
454 2719 596 2758 indsiirt
626 2721 636 2758 i
665 2719 881 2772 Marqwart
909 2716 1170 2756 Tidikkesens
1209 2714 1344 2761 Gods,
1389 2714 1468 2752 “da
1503 2713 1628 2752 denne
1665 2713 1747 2753 foer
1782 2715 1827 2753 af
1856 2713 2041 2753 Landhet
2078 2711 2151 2752 och
2190 2712 2290 2750 villae
2326 2713 2448 2753 cista
2485 2714 2539 2752 tiil

327 2788 481 2828 παῖδ’.
514 2812 561 2817 -
592 2788 862 2842 Kiipenhafns
892 2787 1065 2841 Bytc'nq,
1094 2783 1296 2837 Mandagh
1327 2788 1425 2822 naest
1454 2783 1536 2822 sore
1568 2781 1625 2821 S'i
1651 2783 1848 2823 Johannis
1878 2783 1979 2836 dagh
2007 2782 2203 2835 Baptiste.

716 2857 789 2899 Nye
813 2854 956 2887 Danske
979 2851 1138 2894 Magazin
1164 2851 1190 2883 1.
1218 2863 1247 2894 p.
1277 2850 1352 2883 126.
1944 2862 1947 2863 ⁷

585 2915 743 2965 13970]
798 2916 915 2968 Kong
944 2915 1189 2953 Cnnrs'rlmv
1219 2912 1441 2951 stadfaester
1469 2910 1701 2950 Raadmand
1731 2911 1742 2948 i
1771 2908 2036 2948 Lansskronae
2067 2908 2154 2947 Pan
2186 2908 2361 2948 vauns
2387 2909 2540 2963 Skaide

328 2999 401 3037 poa
442 2984 554 3036 noglc
596 2984 756 3024 Grunde
800 3000 849 3037 og
890 2984 1009 3024 Jordc
1053 2985 1063 3023 i
1105 2982 1343 3036 Kiipenhasn
1385 2982 1426 3020 til
1470 2981 1546 3034 Jcp
1586 2981 1812 3027 Clauszen,
1845 2979 2123 3030 Borgemester
2165 2980 2441 3019 sammesteds.
2488 3004 2536 3008 —

331 3055 525 3106 Ilnffnife,
555 3053 615 3092 die
645 3055 911 3093 translationis
941 3052 997 3092 Sti
1027 3053 1187 3092 Kannti.

719 3122 792 3162 Nyc
816 3121 959 3153 Danske
984 3119 1143 3161 Magazin
1171 3121 1197 3152 1.
1223 3130 1253 3162 p.
1283 3118 1452 3152 126-27.

588 3179 746 3229 [3971]
801 3181 887 3219 Den
931 3181 1075 3233 tydske
1118 3180 1277 3219 Ordens
1320 3179 1557 3219 Haermester
1597 3176 1773 3216 Jonann
1819 3188 1901 3214 vox
1945 3174 2186 3213 Mun-anons
2231 3175 2363 3223 (ellers
2405 3176 2539 3217 kaldet

329 3252 549 3297 Oscnorr)
587 3249 833 3288 ltatification
868 3263 944 3302 paa
980 3250 1053 3288 den
1083 3249 1126 3288 af
1159 3249 1341 3288 Ordenen
1379 3246 1595 3299 indgaaede
1632 3245 1789 3284 Tractat
1824 3244 1912 3283 med
1947 3243 2066 3295 Kong
2106 3243 2322 3293 Christian,
2366 3245 2538 3286 hvon-ed

2630 10 2645 490 ³

2644 805 2649 995 l
