2649 3686
387 129 544 178 Kom
579 128 925 183 Cnmswopm
962 152 1056 185 DEN
1092 135 1295 185 Anum.
1377 136 1701 202 (VALDEMAR
1735 141 2009 206 Enixsssx).
2208 149 2305 198 245

88 217 2305 243 Ἢ

1124 308 1270 359 1328.
2377 333 2492 376 1328.

349 397 508 448 [2040]
565 399 689 447 Brev,
733 403 896 443 udstedt
933 405 977 444 af
1011 406 1115 446 Grev
1152 406 1299 445 Jowuv
1338 405 1380 445 til
1417 405 1611 446 Holsteen
1656 422 1706 459 og
1744 408 1968 455 Stoi-marn,
2013 408 2184 450 hvon-ved
2227 412 2301 453 han
2332 413 2382 447 17.
2412 418 2538 452 Martii.

84 467 193 520 givet
221 465 424 520 Borgerne
454 469 464 507 i
495 469 751 523 Helgenhavn
783 473 856 512 den
887 473 1052 521 Frihed,
1096 480 1135 515 at
1174 476 1223 515 de
1262 476 1363 516 uden
1394 476 1624 529 Besvaering
1654 490 1705 530 og
1735 477 1835 517 Told
1875 492 1986 518 maae
2016 479 2152 520 udffire
2188 482 2303 522 detes

40 552 47 559 ¹
82 540 173 589 eget
208 536 317 576 Korn
357 551 409 590 og
446 538 572 580 Varer
610 541 650 580 til
690 540 820 581 hvilke
858 545 1018 591 Steder‚
1063 546 1112 586 de
1152 547 1237 586 sclv
1274 546 1375 586 ville.
1419 569 1473 575 —
1520 546 1579 587 To
1613 547 1768 596 Plane,
1814 547 1886 588 des
1916 548 2226 602 Donnersdages
2254 567 2300 593 na

81 606 309 648 Mitvasten.
2037 619 2298 673 (Plattydsk).

475 679 708 722 Westphalen
733 683 883 717 Monum.
911 684 998 717 ined.
1023 686 1084 718 IV.
1109 686 1214 719 3214.
1655 701 1659 704 ·

341 749 498 800 [2041]
559 752 790 794 comsumm
823 770 1161 805 cnrnnonumqua
1195 771 1343 800 civwm
1374 758 1624 800 mevsmm
1652 760 1782 806 literae,
1814 760 1959 814 quibus
1982 766 2116 802 notum
2141 764 2299 811 faciunt,
2325 772 2380 805 21.
2405 776 2532 809 Martii.

77 820 184 875 quod
214 819 375 860 discreti
405 822 473 860 viri
503 820 708 863 Johannes
738 824 787 863 de
816 825 993 874 Rothen,
1025 827 1218 868 Henricus
1248 829 1366 869 stater
1394 828 1588 869 Lothwici
1618 835 1657 869 et
1686 830 1865 870 Eklavus
1896 832 2107 872 Hermanni
2133 835 2297 882 curiam,

75 892 113 931 in
150 879 391 944 Bretbegate
430 892 466 931 in
505 893 662 933 civitate
691 893 858 947 Ripensi
898 898 1034 943 sitam,
1072 897 1203 938 abbati
1234 903 1273 938 et
1301 899 1509 940 conventui
1548 899 1598 939 de
1623 899 1779 952 Lngum
1819 901 2071 942 vendiderint.
2114 926 2168 932 —
2212 903 2287 944 Die

75 962 200 1002 sancti
228 961 449 1001 Benedicti,

469 1014 654 1075 Langebek
682 1014 819 1077 Scriptt.
844 1035 941 1068 VIII.
969 1035 1139 1070 211—42.

336 1104 497 1154 [2042]
556 1104 717 1152 Literae,
771 1106 916 1160 quihus
957 1108 1269 1149 XVALni-:nmiws
1319 1124 1384 1150 rex
1427 1110 1611 1152 abbatem
1654 1116 1692 1152 et
1732 1118 1970 1154 conventum
2015 1116 2295 1157 monachorum
2319 1123 2353 1158 6.
2386 1126 2529 1170 Aprilis.

75 1176 112 1216 in
143 1175 245 1216 Sora
275 1174 353 1215 suh
383 1175 548 1229 speciali
580 1189 653 1215 sua
682 1178 923 1229 protectione
953 1180 1150 1233 suscipst,
1181 1193 1395 1233 eorumque
1424 1180 1526 1221 hona
1556 1181 1605 1222 ab
1636 1185 1739 1222 omni
1769 1186 2031 1238 expeditionis
2061 1189 2296 1239 gravamine,

74 1245 336 1299 vectigalibus
366 1250 440 1286 etc.
471 1245 590 1285 libera
622 1245 793 1285 dimittit.
827 1269 873 1275 —
906 1248 1078 1299 Hafizis,
1108 1249 1196 1288 1111.
1229 1250 1322 1289 seria
1352 1251 1387 1289 in
1418 1250 1636 1292 ebdomade
1665 1253 1837 1306 paschae.

470 1316 578 1350 Suhm
602 1315 692 1348 nist.
719 1315 760 1349 af
780 1318 930 1351 Danmk.
954 1319 1033 1352 XII.
1059 1319 1230 1353 370—71.

337 1388 494 1439 [2043]
554 1388 726 1429 Canum
766 1389 983 1430 Hallandiae
1020 1395 1058 1431 et
1095 1392 1239 1432 Samso
1276 1391 1391 1432 ducis
1438 1393 1487 1433 ad
1525 1392 1738 1435 Odfinnum
1775 1398 2008 1450 episcopum
2045 1398 2286 1452 Bergensem
2310 1408 2344 1442 6.
2369 1410 2512 1455 Aprilis.

70 1461 209 1507 lsterae,
253 1458 401 1514 quibus
432 1458 674 1505 obtestatur,
718 1459 823 1512 quod
854 1474 1049 1514 nunquam
1086 1461 1282 1502 adversus
1319 1476 1450 1514 regem
1480 1463 1686 1516 Norvegiae
1723 1471 1791 1506 aut
1830 1481 1992 1519 regnum
2025 1470 2115 1522 ejus
2153 1472 2287 1522 egerit.

71 1553 120 1561 —
150 1529 533 1584 Kaupmanlaafnis‚
564 1528 633 1568 IV.
665 1529 726 1569 die
754 1529 913 1582 paschae
943 1533 1045 1579 (sine
1075 1534 1204 1581 anno).

467 1599 657 1632 Thorkelin
682 1600 847 1633 Analecta
870 1612 900 1644 p.
926 1601 1073 1634 79—80.
1122 1602 1196 1634 Cfr.
1222 1602 1327 1634 Suhm
1352 1602 1441 1636 nist.
1469 1603 1510 1636 as
1529 1605 1678 1639 Danmk.
1704 1607 1784 1639 XII.
1814 1607 1888 1640 179.

333 1661 481 1714 [2044]
539 1661 815 1701 Wunemm
840 1664 944 1713 regis
968 1663 1085 1702 literae
1112 1663 1159 1702 de
1185 1663 1436 1716 placitatione
1460 1666 1713 1719 interipsum
1739 1672 1778 1706 et
1800 1670 1908 1708 cives
1935 1668 2285 1722 Grypsvoldenses
2337 1675 2366 1708 1.
2391 1677 2488 1719 Maji.

70 1731 226 1780 habita,
257 1746 333 1786 qua
364 1731 441 1771 sibi
471 1733 637 1771 invicem
663 1732 849 1771 auxilium
879 1737 1012 1772 contra
1049 1732 1189 1772 hostes
1225 1734 1323 1773 ferre
1359 1734 1603 1787 pollicentur.
1645 1759 1699 1765 -
1743 1737 2047 1788 Stralesundis,
2093 1740 2163 1795 die*
2193 1756 2283 1794 apo-

69 1803 206 1844 stolor.
233 1802 413 1856 Philippi
441 1806 480 1842 et
509 1801 662 1841 Jacobi.

464 1873 639 1905 Dahnerts
664 1873 793 1904 Pomm.
819 1871 979 1904 Biblioth.
1003 1872 1105 1904 Inter
1128 1873 1189 1905 Bd.
1215 1884 1247 1916 p.
1272 1873 1420 1906 72—73.

331 1935 488 1984 [2045]
545 1934 687 1974 Literae
724 1935 968 1987 protectoriae
1000 1934 1245 1980 Gflaaanm,
1288 1934 1401 1973 ducis
1438 1935 1576 1983 Jutiae,
1619 1926 1773 1977 comitis
1810 1938 1999 1979 Holsatiae
2034 1945 2107 1980 etc.
2147 1955 2279 1981 TUTO·
2318 1953 2373 1987 25,
2407 1956 2502 1997 Maffi,

0 2041 4 2050 ‚
66 2018 219 2054 131quss
248 2004 524 2044 WALDEMAM
555 2004 757 2043 Danorum
787 2005 1074 2056 Slavorumque
1103 2005 1219 2056 regis»,
1250 2004 1349 2043 datae
1378 2005 1552 2046 claustro
1582 2009 1932 2048 sanctimonialium
1963 2009 2065 2049 beati
2088 2010 2281 2051 Johannis

66 2077 104 2116 in
137 2074 358 2123 Sleswich,
403 2074 549 2128 quibus
587 2075 706 2114 simul
743 2075 894 2113 villicos
939 2078 977 2113 et
1015 2074 1179 2113 colonos
1215 2074 1397 2127 ejusdem
1426 2074 1475 2114 ab
1509 2076 1693 2116 omnibus
1724 2080 1893 2118 servitiis
1923 2083 1962 2118 et
1990 2081 2278 2127 exactionibus,

61 2146 331 2201 Jurisdictioni
361 2145 491 2199 ipsius
517 2143 786 2192 attinentibus,
812 2143 958 2183 liberos
985 2147 1024 2183 et
1052 2147 1227 2183 exemtus
1257 2144 1427 2184 dimittit.
1460 2167 1508 2174 -
1538 2145 1587 2185 In
1617 2155 1756 2188 castro
1790 2147 2006 2202 Gottorpe,
2035 2151 2211 2202 proxima
2241 2156 2279 2190 et

64 2217 180 2257 unica
209 2217 302 2257 seria
330 2220 426 2269 post
455 2215 600 2255 festum
629 2217 896 2268 pentecostes.

457 2285 689 2329 Westphalen
713 2287 862 2316 Monum.
887 2283 975 2316 ined.
1000 2282 1063 2316 ΙΙΙ.
1093 2283 1265 2316 363-64.
1314 2283 1370 2316 cf.
1395 2284 1502 2317 Suhm
1527 2285 1617 2318 Hist.
1642 2287 1682 2318 at·
1701 2288 1849 2319 Danmk.
1874 2288 1954 2320 XII.
1983 2288 2058 2321 171.

323 2347 472 2399 [2046]
530 2346 840 2396 Fredsslutning
868 2345 1022 2383 mellem
1049 2344 1200 2396 Hertug
1228 2344 1385 2384 Barnim
1415 2345 1460 2384 af
1482 2345 1692 2386 Pommern
1724 2346 1926 2401 (indgaaet
1956 2363 2028 2401 paa
2053 2349 2153 2389 hans
2178 2364 2275 2402 egne
2311 2354 2368 2388 2⁷.
2393 2355 2500 2389 Junii.

61 2417 200 2471 Vegne
229 2431 281 2470 og
310 2418 370 2457 for
399 2417 683 2457 Komemcm
715 2415 954 2461 DANMAmc,
985 2414 1032 2453 de
1059 2414 1279 2466 Rygenske
1301 2415 1482 2455 Vasaller
1512 2429 1563 2467 og
1585 2417 1786 2456 Staederne
1810 2418 2084 2464 Sti-alessund,
2115 2419 2275 2472 Gripes-

60 2488 184 2535 wold,
228 2487 408 2540 Tanglim
438 2487 642 2536 [Anclam]
675 2500 729 2538 og
759 2481 923 2538 Dymin)
966 2484 1055 2522 med
1083 2483 1299 2536 Fyrsterne
1329 2484 1397 2523 ΗΓ.
1429 2484 1576 2524 Henrik
1607 2486 1650 2524 af
1675 2486 1934 2539 Meklenborg
1964 2502 2015 2540 og
2044 2487 2112 2527 Hr.
2143 2489 2272 2528 Joban

60 2572 112 2611 og
143 2557 296 2605 Juuker
330 2557 515 2609 Henning
557 2556 601 2596 af
631 2556 786 2600 &Verlffi
831 2553 1003 2593 hvorved
1044 2552 1117 2592 den
1152 2553 1372 2606 Rygenske
1411 2554 1777 2595 Successionsstrid
1822 2556 2021 2610 bilaegges.
2094 2556 2191 2611 (Det
2234 2559 2279 2598 as

59 2627 212 2679 Hertug
244 2628 405 2668 Barnim
442 2627 628 2667 udstedte
667 2624 906 2678 Exemplar).
951 2644 1000 2650 —
1049 2622 1108 2662 Tu
1136 2622 1462 2676 Broderstorpe,
1506 2625 1578 2664 des
1616 2626 1833 2678 mandages
1872 2641 1940 2666 vor
1975 2631 2093 2667 sunte
2129 2627 2271 2668 Peters

57 2697 159 2739 vnde
186 2698 345 2739 Pawels
374 2697 488 2750 dage.
2005 2695 2270 2750 (Plattydsk).

454 2767 563 2800 Liseh
595 2762 950 2799 Urkunden-Samml.
986 2772 1047 2795 zur
1083 2762 1207 2794 Geseh.
1242 2762 1302 2794 des
1338 2762 1475 2795 Geschl.
1510 2773 1542 2796 v.
1574 2763 1752 2797 Maltzahn
1785 2764 1812 2796 1.
1849 2765 2018 2799 43—1—38.
2054 2785 2099 2790 —
2134 2768 2199 2799 Det
2235 2768 2273 2800 af

451 2831 643 2872 Fyrsterne
678 2828 718 2860 af
750 2825 976 2864 Meklenborg
1014 2833 1057 2864 og
1095 2822 1218 2857 Werle
1254 2823 1482 2864 udfaerdigede
1515 2825 1699 2868 Exemplar
1731 2825 1773 2857 af
1805 2826 1911 2858 denne
1935 2828 2076 2860 Tractat
2112 2827 2269 2870 (udstcdt

453 2901 585 2924 samme
609 2890 691 2922 seed
716 2898 759 2930 og·
782 2886 879 2929 Dag)
905 2897 942 2919 er
965 2885 1060 2927 trykt
1083 2883 1095 2916 i
1120 2884 1353 2927 VVestphalen
1384 2887 1535 2918 Monum.
1569 2886 1656 2918 ined.
1689 2887 1751 2919 IV.
1783 2885 1955 2920 923—35.
1991 2889 2162 2922 Abhandl.
2192 2900 2268 2922 vom

449 2955 572 2996 Urspr.
599 2952 659 2984 der
686 2951 787 2982 Stadt
811 2948 983 2989 Rostock,
1010 2944 1096 2978 Beil.
1123 2946 1159 2976 S.
1185 2945 1240 2977 ss.
1267 2945 1340 2988 ogi
1366 2946 1578 2988 Kosegarten
1593 2948 1824 2990 Pomm.Rug·.
1840 2949 2125 2983 Gesch.Denkm.
2148 2951 2266 2984 [¹218.

316 3025 473 3074 [2047]
533 3025 854 3065 camsi-omum
891 3021 1089 3060 Danorum
1128 3017 1415 3070 slavorumque
1449 3019 1554 3070 regis
1593 3023 1632 3058 et
1673 3019 1788 3060 ducis
1830 3020 2006 3060 Estoniae
2043 3022 2263 3075 privilegia,
2307 3029 2363 3063 25.
2387 3030 2484 3064 sulii.

53 3108 141 3135 cum
170 3109 371 3136 consensu
400 3096 566 3134 filiorum
597 3106 759 3134 suorum
788 3090 917 3136 Erici,
948 3088 1110 3128 Ottonis
1140 3091 1180 3126 et
1207 3086 1448 3127 VValdcniari
1477 3087 1841 3131 Rostockicnsibus
1872 3091 1973 3131 data.
1995 3113 2048 3120 —
2069 3091 2264 3139 Κοπτώ,

53 3164 116 3205 die
145 3164 287 3207 Jacobi
315 3165 502 3220 apostoli.
837 3189 841 3191 —

80 3234 84 3237 ’
446 3234 614 3268 Rostock.
639 3229 821 3266 wuchentl.
845 3228 971 3262 Nachr.
1001 3226 1099 3260 1753.
1125 3237 1156 3269 p.
1185 3225 1353 3259 154—55.
1376 3225 1526 3260 57-59.
