2649 3686
726 140 882 189 Koxe
918 140 1209 197 VALDEMAR
1245 157 1342 191 DEN
1377 139 1581 190 Aanx.
1609 149 1613 152 ’
2202 151 2270 200 87

313 310 443 360 [623.]
501 310 794 352 ΙΝΝοοΕΝΤιιέ
825 312 980 365 (uptus)
1009 319 1227 367 proventus
1256 314 1515 355 ecclesiarum
1546 313 1704 354 Tunder
1733 315 1970 369 etBalgum
2007 324 2047 358 et
2083 321 2184 360 alios
2216 337 2270 362 re·
2348 324 2458 363 121⁶.

55 385 174 429 ditus,
203 381 360 421 duabus
382 381 607 435 praebendis
631 381 680 421 ab
702 384 894 436 episeopo
911 384 1082 438 Ripensi
1108 386 1146 424 in
1174 384 1345 425 ecclesia
1375 385 1466 438 ejus
1495 386 1727 424 constitutis
1757 388 2000 439 assignatos,
2025 393 2065 429 et
2090 394 2274 431 terrarum
2323 393 2354 423 3.
2381 395 2484 426 «lunii-

54 452 291 507 quarundam
321 451 521 492 Lundwra
551 455 591 491 et
618 451 882 511 XVcstewnge
912 456 1110 494 communi
1149 455 1311 508 capituli
1341 455 1537 507 Ripensis
1567 469 1714 494 mensae
1743 469 1812 508 per
1841 457 2009 497 eundem
2040 461 2272 513 episcopum

53 524 381 577 adscriptionem,
410 522 627 561 confirmat.
659 545 707 550 —
743 523 928 574 Per-iasii,
962 525 1028 564 111.
1059 540 1150 564 non.
1178 525 1311 573 Junii,
1340 525 1481 578 pontif.
1512 539 1614 564 anno
1646 525 1919 566 nonodecimo.

445 594 622 635 Tei-pager
645 592 740 636 Ripae
766 594 892 628 Cinibr.
918 606 949 638 p.
979 595 1053 628 131.
1101 597 1241 628 Mlintcr
1266 597 1359 638 Mag.
1385 595 1411 628 f.
1437 594 1707 638 Kirchengesch.
1733 599 1759 630 1.
1784 597 1958 630 387—88.

315 653 444 703 [624]
503 653 796 695 INNocnxrms
835 655 990 706 (ultius)
1027 657 1159 696 abbati
1197 657 1246 697 de
1275 657 1504 704 vitescola,
1543 660 1758 711 praeposito
1794 659 2112 699 XVcstervicensi
2150 665 2189 700 ct
2218 674 2274 699 ar·
2327 663 2484 694 ⁷··1¹¹¹¹·i-

55 724 287 765 chidiacono
323 725 536 764 Arusiensi
579 724 760 772 mandat,
805 730 849 765 ut
886 727 1095 767 nonnullos
1133 728 1302 767 clericos
1339 731 1380 766 et
1414 727 1562 775 laicos,
1611 729 1903 776 immunitates,
1954 731 2178 778 libertates,
2224 733 2276 769 in-

56 796 349 848 dulgentiaset
375 794 601 848 privilegia,
633 797 855 843 vconventui
885 796 1139 849 Nvibergcnsi
1179 812 1202 837 a
1232 797 1330 837 sede
1367 798 1589 850 apostolica
1628 813 1844 847 concessa,
1889 801 2169 854 infringentes,
2207 816 2276 855 per

57 879 263 908 censuram
291 864 610 905 ecclesiasticam
640 870 911 919 compescant.
939 889 993 895 ——-
1022 868 1211 916 Perusii,
1240 867 1328 907 Vll.
1359 868 1449 907 idus
1477 867 1606 916 Junii,
1636 870 1777 921 pontif.
1807 872 2082 913 nonodecimo.

449 937 588 968 Miinter
613 936 710 976 Mag.
738 936 762 969 f.
789 935 1060 979 Kirclucngcsch.
1085 940 1111 972 1.
1136 938 1310 972 386—87.
1358 939 1448 982 Epit.
1475 938 1528 971 in:
1562 939 1669 972 subm
1695 940 1786 973 nist.
1812 941 1852 974 af
1872 943 2021 975 Danmk.
2047 944 2109 976 IX.
2134 943 2214 976 746.

317 996 448 1046 [625]
505 997 781 1036 WAnnssnAm
821 1000 928 1051 regis
967 1000 1110 1047 literae,
1154 1000 1298 1054 quibus
1329 1004 1518 1048 testatur,
1558 1002 1727 1042 insulam
1758 1002 1899 1042 Thund
1930 1005 2110 1044 ecclesia:
2147 1004 2280 1044 cathe-
2306 1017 2359 1050 23,
2394 1019 2514 1050 κυνῆν,

59 1069 152 1109 drali
182 1068 396 1108 Arusiensi
427 1070 622 1106 scotatam
653 1081 747 1107 esse
777 1082 865 1108 cum
896 1069 1034 1108 eadem
1066 1071 1333 1117 immunitate,
1364 1084 1480 1123 quam
1513 1072 1551 1111 in
1582 1072 1672 1111 aliis
1697 1074 1783 1112 suis
1806 1075 2144 1126 possessionibus
2161 1074 2282 1114 hahet

59 1140 248 1185 ecclesia,
287 1142 328 1178 et
351 1139 442 1192 jure
471 1136 612 1184 KVrec,
642 1151 711 1190 pro
741 1138 967 1178 molendino
998 1141 1036 1178 in
1065 1140 1214 1193 walby
1243 1145 1283 1180 et
1311 1142 1646 1193 possessionibus
1677 1143 1726 1183 de
1755 1143 1897 1196 Nesby
1925 1149 1966 1184 et
1993 1145 2198 1198 Hitlining.
2230 1168 2277 1173 -

59 1209 227 1256 Samso,
258 1210 296 1248 in
327 1207 433 1248 festo
464 1207 602 1246 Sancti
633 1208 866 1248 Clementis.

455 1278 646 1311 Tliorkelin
669 1278 892 1321 Diplomatar.
917 1281 1152 1322 Arna-Magn.
1178 1281 1206 1319 Ι.
1231 1292 1262 1324 p.
1287 1280 1343 1314 96.
1392 1282 1580 1323 Langebek
1605 1283 1744 1326 Scriptt.
1771 1285 1833 1317 VI.
1857 1284 1937 1318 396.

322 1340 452 1389 [626]
511 1339 656 1380 Literae
693 1339 922 1389 E(ssssoms)
952 1342 1188 1381 Arusiensis
1226 1344 1430 1395 episcopi,
1473 1343 1618 1396 quibus
1653 1350 1764 1398 parte
1802 1346 2064 1394 oblationum,
2109 1361 2194 1400 quae
2225 1349 2278 1386 in-

60 1415 160 1452 tuitu
195 1412 301 1452 beati
337 1409 495 1450 Nicolai
533 1409 715 1450 ecclesiae
753 1410 969 1451 cathedrali
1006 1412 1218 1452 Arusiensi
1256 1412 1490 1461 offeruntur,
1535 1414 1613 1454 sibi
1651 1420 1901 1468 competente
1939 1432 1984 1456 se
2022 1417 2192 1457 abdicat.
2231 1440 2278 1445 —

61 1482 155 1522 Sine
184 1495 300 1521 anno.

452 1551 644 1593 Langebek
668 1550 808 1594 Scriptt.
837 1552 899 1585 VI.
926 1552 1004 1584 408.
1066 1552 1256 1585 Thon-kelin
1281 1552 1372 1596 Dipl.
1398 1553 1426 1586 Ι.
1455 1553 1531 1587 154.
1559 1554 1602 1587 ad
1628 1565 1684 1588 an.
1713 1555 1812 1589 1246.
1873 1556 1947 1590 cfr.
1973 1557 2080 1590 Suhm
2114 1557 2174 1590 lX.
2199 1558 2279 1591 277.

322 1613 453 1662 [627]
510 1612 697 1652 N1001.A1
744 1614 924 1666 episcopi
955 1613 1226 1653 Slesvicensis
1263 1615 1402 1662 literae,
1449 1616 1594 1668 quihus
1632 1617 1826 1657 decimam
1863 1619 2133 1672 episcopalem
2169 1634 2279 1673 paro-

63 1685 157 1737 chjae
186 1684 406 1738 Bulethorp
436 1683 624 1723 fratribus
653 1684 692 1722 in
721 1682 832 1722 Loco
862 1683 938 1722 Dei
969 1683 1131 1722 confert.
1162 1706 1211 1711 ——
1242 1685 1338 1724 Sine
1368 1699 1483 1724 anno.

454 1753 645 1795 Langebek
670 1753 809 1796 Scriptt.
835 1754 934 1786 vul.
961 1752 1039 1786 209.
1066 1754 1126 1786 cfr.
1153 1765 1184 1797 p.
1211 1754 1300 1797 208,
1334 1755 1388 1788 ubi
1413 1755 1487 1789 aliae
1523 1757 1675 1796 ejusdem
1702 1757 1851 1803 episcopi
1877 1758 1985 1793 literae
2011 1760 2052 1793 de
2077 1760 2192 1793 eadem
2219 1761 2279 1794 de-

456 1815 544 1849 cima
567 1814 797 1849 inveniuntur.
847 1815 921 1848 cfr.
945 1814 1051 1848 Suhm
1075 1815 1165 1848 nist.
1191 1815 1231 1848 af
1250 1818 1397 1852 Danmk.
1423 1818 1486 1850 IX.
1510 1818 1590 1852 282.

964 1949 1093 2000 1215
1127 1951 1204 1998 vel
1240 1958 1363 2014 post.
1858 2018 1863 2023 s
2364 1975 2468 2014 1216

325 2066 455 2115 [6⁵28]
512 2065 657 2105 Literae
686 2065 736 2104 E.
774 2066 1010 2105 Arusiensis
1049 2068 1253 2119 episcopi,
1298 2068 1445 2122 quihus
1481 2068 1582 2110 duas
1611 2070 1844 2123 praebendas
1874 2072 1923 2111 de
1961 2087 2063 2112 novo
2095 2075 2278 2113 instituit.
2324 2044 2378 2076 vel
2412 2048 2499 2086 [ΝΑ

452 2137 641 2179 Langebek
657 2136 794 2179 Scriptt.
810 2137 873 2169 VI.
898 2135 978 2169 406.
1026 2136 1212 2169 Thorkelin
1227 2137 1317 2181 Dipl.
1342 2139 1369 2171 Ι.
1398 2138 1473 2172 153.
1499 2140 1541 2171 ad
1567 2150 1623 2174 an.
1652 2141 1752 2186 1216,
1789 2143 1863 2175 Cfr.
1890 2142 1995 2176 Suhm
2020 2145 2083 2176 IX.
2108 2144 2279 2176 277—78.

327 2200 457 2251 [6⁴29]
515 2199 659 2238 Literae
688 2197 909 2248 Eoznom)
938 2198 1174 2238 Arusiensis
1202 2201 1402 2252 episcopi,
1446 2201 1590 2254 quibus
1619 2203 1907 2251 immunitates,
1950 2207 2153 2245 canonicis
2182 2207 2280 2245 Arn-

68 2262 420 2324 siensibus‘super
448 2271 592 2310 villicis
623 2272 663 2308 et
691 2269 844 2307 colonis
874 2269 1049 2321 ipsorum
1079 2268 1214 2316 datas,
1243 2271 1458 2310 confirmat.
1493 2293 1548 2300 —
1576 2272 1673 2312 Sine
1703 2287 1818 2313 anno.

458 2340 644 2381 Langebek
671 2338 812 2381 Scriptt.
837 2338 900 2371 VI.
927 2337 1074 2371 406—7.
1123 2339 1197 2372 Cfr.
1220 2340 1325 2376 Sulim
1351 2341 1442 2374 nist.
1466 2341 1506 2374 af
1524 2343 1676 2376 Danmk.
1700 2345 1764 2377 IX.
1790 2344 1869 2376 278.

333 2401 462 2450 [630]
519 2402 686 2448 Literae,
722 2401 760 2438 in
791 2399 936 2453 quibus
974 2398 1020 2439 S.
1059 2400 1151 2452 (leg.
1179 2401 1236 2441 E.
1273 2413 1314 2440 οε
1350 2401 1485 2454 ΕΒΒο)
1524 2405 1743 2457 episcopus
1780 2406 2017 2446 Arusiensis
2054 2407 2205 2446 reditus
2242 2412 2281 2446 et

68 2471 169 2510 bona
199 2473 450 2524 episcopatui
480 2472 710 2517 attinentia,
742 2484 826 2523 quae
855 2473 1031 2522 tempore
1061 2470 1418 2511 administrationis
1447 2486 1528 2513 suae
1557 2474 1761 2523 alienavit,
1791 2481 1833 2515 et
1859 2476 1982 2524 bona,
2020 2490 2104 2530 quae
2134 2491 2280 2516 mensa*

70 2542 286 2595 episcopali
318 2544 356 2580 in
386 2542 794 2594 recompensationem
824 2540 1018 2586 restituit,
1045 2545 1260 2579 enumerat.
1291 2564 1340 2570 —-
1374 2542 1470 2582 Sine
1499 2556 1614 2584 anno.
1647 2560 1649 2564 ’

461 2611 647 2652 Langebek
673 2610 811 2653 Seriptt.
836 2611 898 2642 VI.
924 2610 1002 2642 407.
1060 2613 1151 2643 Bona
1176 2621 1246 2654 quae
1271 2610 1305 2643 in
1329 2611 1385 2644 his
1409 2611 1523 2646 litei-is
1548 2614 1588 2646 ab
1615 2614 1811 2659 episcopatu
1837 2615 1986 2649 alienata
2011 2616 2224 2649 dicuntur—
2249 2623 2281 2648 nt

461 2683 500 2706 ex
523 2673 652 2706 duabus
678 2672 788 2704 literis
822 2670 970 2703 Ebbonis
1007 2671 1153 2714 episcopi
1187 2672 1221 2704 in
1253 2672 1359 2706 Libro
1384 2674 1632 2719 Aarliusiensi,
1669 2687 1722 2720 ap.
1746 2678 1944 2719 Langebek.
1970 2678 1994 2711 l.
2027 2689 2056 2711 c.
2088 2689 2119 2721 p.
2144 2678 2282 2711 406—2‘

462 2735 574 2779 editis,
599 2737 694 2778 patet
716 2753 762 2758 —
784 2733 897 2775 Ebb0,
925 2743 990 2764 non
1019 2743 1098 2765 vero
1123 2733 1292 2767 Skialmo
1318 2735 1421 2778 episc.
1446 2738 1569 2780 Arus„
1593 2748 1690 2771 novae
1714 2739 1899 2782 praebendae
1924 2739 2112 2773 canonicali
2137 2740 2280 2781 adjecit:

462 2797 511 2830 illi
537 2797 642 2838 igitur
668 2799 719 2831 11ae
745 2798 852 2830 litet-at
877 2795 1058 2829 tribuendae
1083 2799 1180 2837 sunt3
1207 2796 1270 2828 cfr.
1297 2797 1402 2830 Suhm
1427 2797 1518 2830 nist.
1543 2799 1583 2831 af
1602 2799 1750 2834 Danmk.
1779 2802 1843 2833 lx.
1868 2801 2042 2834 256—77.

332 2858 461 2907 [631]
517 2858 792 2900 &Vama-nuni
822 2859 1042 2904 Danorum,
1086 2857 1371 2910 Slavorumque
1407 2860 1514 2912 regis
1549 2859 1600 2899 ad
1635 2861 1866 2902 Scanenses
1903 2854 2160 2916 rescriptum,
2204 2878 2281 2915 qun

73 2928 428 2967 “examinationem
458 2928 667 2968 candentis
695 2929 810 2968 ser1·i”
840 2929 984 2975 abolet,
1014 2931 1053 2985 et
1081 2928 1118 2966 in
1149 2928 1239 2979 ejus
1268 2927 1397 2967 locum
1427 2928 1697 2971 defensionem
1727 2936 1824 2985 “per
1854 2935 2102 2973 nominatos’'
2133 2935 2170 2972 in
2201 2935 2282 2986 plu-

36 3041 38 3044 *
74 2996 182 3036 ribus
210 3000 346 3038 causis
377 2997 604 3045 substituit,
634 3001 771 3040 causis
801 2999 858 3060 de·
876 2999 1005 3053 furto,
1037 2998 1085 3036 (le
1114 2997 1293 3043 vulnere,
1332 2996 1381 3037 de
1410 2997 1626 3040 homicidio
1657 3006 1698 3042 et
1725 3002 1774 3043 de
1803 3008 1918 3057 raptu
1946 3004 2186 3043 saeminarum
2217 3018 2281 3041 no-

74 3066 248 3107 minatim
278 3069 496 3121 expressis.
524 3090 578 3096 -
609 3068 704 3108 Sine
734 3083 849 3108 anno.
898 3070 901 3073 '
1473 3121 1483 3128 ·
2210 3059 2217 3067 .

465 3139 580 3170 Resen
605 3140 718 3179 Leges
749 3139 892 3182 antiquoe
924 3138 1043 3171 aulicae
1067 3139 1240 3177 xor-vagg.
1275 3138 1308 3168 et
1338 3137 1533 3181 Danorum,
1569 3139 1738 3174 Witherl.
1764 3145 1817 3175 ret
1851 3154 1883 3187 p.
1916 3143 2087 3177 642—43.
2152 3143 2281 3176 Hickes

464 3198 674 3232 Dissertatio
701 3200 916 3243 epistolaris,
943 3199 1127 3243 (Thesaur.
1153 3197 1235 3240 111.)
1262 3208 1292 3240 p.
1316 3198 1465 3234 38—39.
1513 3200 1555 3234 0.
1579 3202 1705 3235 Worm
1716 3205 1867 3238 Monum.
1888 3206 1977 3239 Dan.
1998 3217 2030 3248 p.
2058 3206 2115 3237 85.
2163 3205 2281 3238 Danie-

465 3271 518 3304 ηρ,
543 3262 657 3294 Resen
681 3261 704 3294 Ι,
730 3271 758 3305 e.
785 3272 817 3304 p,
849 3260 928 3295 724.
955 3264 988 3295 et
1017 3260 1051 3296 in
1076 3258 1263 3303 Hadorphii
1289 3259 1435 3296 editione
1466 3261 1531 3305 leg.
1557 3264 1661 3298 Scan.
1684 3275 1716 3311 p.
1747 3265 1898 3300 67—68.
1959 3267 2032 3302 Cfr.
2058 3267 2162 3301 Suhm
2189 3266 2279 3300 Hist.

467 3322 508 3357 af
527 3323 675 3356 Danmk.
699 3324 761 3358 IX.
787 3322 865 3358 281.
