2649 3686
167 365 283 405 1299.

107 436 161 468 22.
187 433 332 478 Aprilis.

143 645 175 676 7.
200 644 300 685 Maji.

136 1191 186 1222 11.
214 1188 309 1230 Maji.

130 1533 178 1564 11.
210 1530 314 1564 Junii.

130 1865 180 1898 13.
207 1863 310 1898 Junii.

139 2054 171 2086 6,
209 2052 303 2087 Julii.

129 2394 185 2427 28.
218 2393 315 2428 Julii.

102 2808 157 2840 20.
176 2806 334 2849 Augusti.

128 3009 184 3042 26.
210 3010 339 3053 Septbr.

350 193 446 243 188
1154 187 1308 235 Koxe
1340 181 1471 229 Emi<
1506 180 1743 228 MENVED.

613 363 769 412 [1536]
827 361 972 400 Issam
1002 354 1328 410 archipresbyteri
1359 351 1717 396 CarcassonensiS,
1747 349 1938 402 capellani
1968 352 2009 387 et
2037 349 2161 387 nuntii
2189 361 2324 401 papae,
2361 351 2564 388 transscri-

356 439 465 488 ptum
490 434 684 474 nterarum
699 432 892 472 Johannis
916 426 1201 480 archiepiscopi
1227 422 1468 466 Lundensis,
1499 433 1631 472 supra,
1663 419 1737 457 sub
1762 433 1824 457 no.
1852 418 1983 462 1532„
2009 418 2225 456 allatarum.
2248 439 2299 446 -·
2323 417 2374 458 In
2395 421 2566 460 civitate

356 506 549 558 Ripensi,
578 501 708 542 XXII.
738 501 888 540 mensis
920 498 1086 550 Aprilis,
1118 495 1325 533 indictione
1353 489 1467 537 XII.‚
1496 489 1637 542 pontii.
1666 489 1865 528 Bonisacii
1894 485 2021 526 Vlllvi
2051 501 2152 527 anno
2181 487 2232 526 V.

748 569 935 610 Langebek
961 566 1099 608 Scriptt.
1124 565 1185 596 Vl.
1210 560 1381 594 345—46.

618 631 773 681 [1537]
829 629 955 668 En1c1
993 627 1098 677 regis
1134 624 1183 663 ad
1213 622 1424 662 Schaniam
1456 619 1725 659 inhabitantes
1761 619 1903 667 literae,
1947 619 2093 672 quibus
2131 618 2206 658 suh
2241 632 2370 672 poena
2408 619 2564 672 capitali

355 705 556 759 prohibet,
586 716 634 741 ne
664 702 753 754 quis
781 699 998 738 Johannem
1028 693 1367 745 archiepiscopum
1395 690 1666 736 Lundensem,
1696 688 1882 728 Hafniam
1911 690 2230 743 proficiscentem
2260 692 2328 728 aut
2351 688 2401 728 de
2423 688 2566 728 Hasnia

355 777 632 817 revertentem,
662 771 722 809 vel
752 769 921 820 aliquem
952 764 999 803 de
1029 765 1118 816 ejus
1149 760 1390 814 sequacibus
1421 761 1459 798 in
1488 760 1606 799 bonis
1635 759 1697 798 vel
1726 761 1910 811 personis
1948 762 2163 812 praesumat
2197 759 2448 811 aliquatenus
2481 772 2565 811 per.

355 844 532 889 turbare,
562 855 633 880 nec
663 840 868 892 quisquam
898 834 1003 886 apud
1031 836 1168 885 portus
1198 843 1456 883 quoscunque
1487 844 1593 870 arma
1623 830 1685 869 vel
1714 843 1780 869 res
1810 830 1932 875 alias,
1976 843 2023 868 ex
2062 829 2205 882 quibus
2235 829 2341 868 dicto
2378 827 2567 881 archiepi-

356 928 479 966 scopo
508 911 709 964 provenire
738 907 869 959 possit
898 903 1048 942 interim
1079 901 1262 939 damnum
1292 901 1354 939 vel
1383 899 1582 947 molestia,
1612 900 1809 939 deducere
1838 903 2052 952 praesumat
2080 899 2158 938 ullo
2188 899 2328 945 modo,
2359 898 2393 938 si
2420 899 2568 950 regiam

355 985 477 1022 vitare
506 979 670 1019 voluerit
698 977 897 1014 ultionem.
925 970 1253 1029 —VRoslcildiQ
1283 984 1385 1009 anno
1416 970 1565 1009 domini
1593 969 1778 1010 MCCIX.
1807 969 1847 1009 8.
1883 970 1979 1023 (leq.
2012 967 2291 1019 MCCXCIX.)
2325 970 2364 1008 in
2395 968 2567 1008 crastino

356 1054 459 1093 beati
488 1050 681 1091 Johannis
709 1050 798 1084 ante
829 1047 980 1095 portam
1009 1041 1206 1079 Latinam.

741 1113 927 1154 Langebek
952 1110 1091 1153 Scriptt.
1117 1110 1180 1142 VI.
1207 1109 1287 1142 343.

612 1176 765 1227 [1538]
823 1175 1041 1213 JOHANNIS
1072 1172 1252 1225 episcopi
1282 1172 1571 1212 Roskildensis
1600 1176 1641 1212 et
1669 1172 1816 1212 Isium
1847 1172 2181 1225 archipresbyteri
2219 1170 2570 1216 Carcassonensis,

353 1252 541 1306 capellani
579 1253 619 1288 et
655 1247 779 1286 nuntii
815 1257 946 1296 papae,
988 1242 1106 1280 literae
1144 1241 1195 1280 ad
1231 1242 1453 1297 ,Iohannem
1489 1243 1837 1296 archiepiscopum
1875 1242 2152 1289 Lundensem,
2195 1242 2259 1280 cui
2294 1242 2432 1280 literas
2469 1240 2569 1279 salvi

352 1323 569 1362 conductus
597 1319 702 1369 regis
732 1320 771 1355 et
799 1315 987 1354 baronum
1018 1312 1153 1351 Daniae
1185 1311 1279 1359 (vid.
1311 1326 1431 1366 supra
1461 1328 1525 1352 no.
1558 1314 1675 1352 1523.
1706 1317 1746 1353 et
1777 1313 1911 1362 1524.)
1940 1313 2111 1352 mittunt.
2133 1333 2182 1340 —
2212 1311 2476 1360 Roschildice,
2506 1309 2570 1349 die

351 1392 495 1438 Lunae,
524 1388 594 1428 XI.
623 1388 776 1426 mensis
804 1384 931 1436 Maji,
960 1382 1099 1435 pontif.
1129 1381 1329 1421 Bonifacii
1358 1381 1489 1421 Vlllvi
1517 1397 1619 1423 anno
1648 1384 1698 1423 V.

741 1454 928 1495 Langebek
957 1453 1093 1495 Scriptt.
1119 1454 1180 1485 VI.
1207 1453 1380 1486 3710—43.

610 1518 765 1568 [1539]
821 1516 949 1556 Ea1c1
993 1515 1100 1567 regis
1143 1514 1284 1562 literae,
1329 1514 1474 1568 quibus
1515 1514 1687 1554 Johanni
1730 1514 2031 1567 archiepiscopo
2059 1514 2268 1554 Lundensi
2298 1516 2338 1552 et
2367 1511 2570 1559 omnibus,

350 1604 452 1644 quos
495 1603 629 1628 secum
673 1588 900 1634 adduxerit,
944 1585 1097 1623 salvum
1141 1587 1182 1623 et
1224 1600 1407 1625 securum
1451 1585 1635 1624 concedit
1677 1585 1913 1624 conductum
1957 1584 2266 1637 Kiopmanhaffn
2309 1583 2488 1623 morandi
2531 1586 2571 1622 et

348 1660 599 1700 Roskildiam
627 1657 809 1697 veniendi
839 1671 885 1696 ac
915 1659 1011 1697 infra
1044 1658 1191 1697 festum
1221 1656 1513 1709 assumptionis
1541 1655 1667 1694 beatae
1697 1655 1832 1694 Mariae
1861 1657 2104 1709 proximum,
2135 1668 2212 1708 quo
2241 1654 2429 1702 voluerit,
2460 1654 2569 1694 rede-

349 1730 456 1770 undi.
486 1752 535 1757 —
569 1729 763 1781 Haffnioe,
795 1729 911 1767 tertio
941 1728 1032 1767 idus
1061 1728 1185 1767 Junii.

739 1799 927 1839 Langebek
953 1797 1090 1841 Scriptt.
1116 1799 1178 1831 VI.
1204 1797 1377 1831 334-35.

612 1860 768 1909 [1540]
827 1860 1125 1899 Testamentum
1155 1859 1306 1899 Jacom
1338 1858 1647 1897 HannonNsmv.
1678 1880 1728 1886 —
1758 1856 1802 1896 In
1832 1856 2000 1896 sabbato
2032 1858 2232 1897 trinitatis.

742 1930 973 1973 Pontoppidan
1004 1930 1140 1963 Annall.
1174 1929 1255 1963 eccl.
1281 1931 1370 1962 Dan.
1393 1930 1421 1962 I.
1447 1939 1479 1972 p.
1505 1928 1584 1960 783.
1641 1927 1827 1969 Langebek
1852 1927 1990 1971 Scriptt.
2022 1929 2087 1961 IX.
2181 1950 2190 1960 .
2239 1928 2323 1961 Cod.
2348 1927 2484 1960 Esrom.
2509 1925 2570 1958 foi.

743 1993 942 2025 CXXXIX.

613 2054 768 2103 [1541]
826 2053 953 2093 Erum
997 2054 1105 2106 regis
1131 2053 1273 2100 iiterae,
1317 2052 1462 2105 quibus
1490 2051 1716 2103 Esgverum
1748 2051 1866 2102 (Jul),
1910 2053 2143 2091 canonicum
2172 2051 2416 2104 Ripensem,
2454 2046 2570 2094 suum

353 2125 559 2164 constituit
585 2128 877 2177 procuratorem
907 2125 972 2163 “in
1003 2124 1188 2162 omnihus
1218 2124 1354 2162 causis
1385 2126 1425 2161 et
1454 2123 1626 2174 negotiis
1656 2123 1807 2161 nostris
1836 2124 1958 2161 motis
1988 2126 2028 2161 et
2048 2121 2267 2168 movendis,
2297 2122 2572 2174 cujuscunque

357 2195 557 2247 qualitatis
587 2194 777 2241 existant,
820 2208 951 2233 coram
981 2193 1282 2247 quibuscunque
1310 2192 1514 2246 judicibus
1545 2196 1584 2231 et
1619 2193 1803 2245 personis
1832 2192 2123 2232 ventilabuntur
2150 2192 2213 2231 vel
2251 2191 2422 2232 debeant
2449 2191 2572 2230 venti·

349 2264 458 2303 lari''.
486 2286 537 2292 —
570 2263 844 2317 Slanyetorp,
875 2265 913 2303 in
946 2269 1085 2303 octava
1115 2263 1385 2316 apostolorum
1412 2262 1521 2302 Petri
1549 2266 1589 2301 et
1616 2262 1743 2301 Pauli.

738 2335 923 2376 Langebek
949 2334 1088 2377 Scriptt.
1112 2335 1176 2366 V1.
1203 2334 1376 2365 357—58.

611 2395 766 2444 [1542]
823 2396 967 2434 Literae
1010 2395 1224 2434 JOHANMS
1255 2394 1564 2447 (archiepiscopi
1601 2393 1833 2433 Lundensis
1875 2393 1927 2433 ad
1962 2395 2178 2447 episcopos
2220 2394 2392 2445 Daciae),
2435 2397 2479 2432 ut
2521 2393 2570 2432 de

352 2464 554 2504 beneficiis
584 2466 894 2513 ecclesiasticis,
937 2479 1023 2518 quae
1067 2469 1146 2504 tam
1191 2464 1259 2503 diu
1301 2465 1547 2512 vacaverint,
1590 2468 1634 2503 ut
1671 2479 1805 2503 eorum
1843 2464 2002 2503 collatio
2039 2463 2090 2503 ad
2125 2463 2472 2517 archiepiscopum
2508 2464 2572 2503 vel

353 2535 490 2574 sedem
519 2535 779 2587 apostolicam
809 2537 863 2574 sit
892 2536 1096 2582 devoluta,
1140 2536 1338 2587 inquirant
1377 2535 1533 2587 ipsique
1568 2534 1761 2581 reserant,
1805 2547 1978 2587 eosque,
2022 2535 2087 2587 qui
2117 2534 2211 2572 talia
2239 2534 2428 2574 beneficia
2459 2547 2571 2572 occu-

354 2608 471 2656 pant,
513 2605 564 2643 ad
592 2605 895 2658 comparendum
926 2620 1060 2651 coram
1090 2606 1179 2657 ipso
1212 2605 1309 2643 infra
1339 2607 1421 2643 tres
1459 2618 1621 2643 menses
1661 2606 1700 2644 in
1737 2607 1867 2644 castro
1897 2603 2173 2643 Hammerensi
2201 2603 2571 2657 Borghunderholm

356 2674 488 2712 citent.
516 2695 569 2702 —-
597 2674 647 2714 In
676 2683 815 2714 castro
846 2675 1086 2727 Haffnensi,
1114 2674 1164 2713 V.
1194 2674 1345 2713 calend.
1374 2675 1565 2726 Augusti.

744 2746 931 2786 Langebck
956 2745 1095 2788 Scriptt.
1120 2746 1183 2778 Vl.
1208 2744 1287 2776 259.

613 2805 767 2853 [1543]
826 2806 1112 2846 Cnmsrmnm
1142 2805 1389 2859 presbyteri,
1419 2807 1595 2845 canonici
1623 2806 1872 2852 Lundensis,
1910 2808 2213 2853 testamentum,
2258 2819 2335 2859 quo
2364 2805 2469 2846 bona
2498 2819 2570 2846 sua

361 2872 399 2910 in
429 2885 542 2911 usum
570 2875 723 2925 piorum
754 2876 1019 2914 institutorum
1050 2875 1322 2915 distribuenda
1352 2876 1469 2928 legat.
1501 2899 1550 2904 —
1580 2876 1691 2915 XIII.
1721 2874 1871 2914 calend.
1899 2874 2122 2927 Septembr.

748 2943 920 2984 Liijegren
945 2945 1168 2988 Diplomatar.
1194 2948 1335 2978 Svecan.
1360 2947 1404 2978 ΙΙ.
1430 2957 1485 2978 no.
1515 2945 1615 2978 1279.
1643 2957 1675 2989 p.
1699 2943 1872 2977 294-95,

621 3003 775 3051 [1544]
831 3005 1048 3044 JoHANMS
1078 3007 1369 3059 archiepiscopi
1406 3007 1635 3046 Lundensis
1671 3006 1812 3051 literae,
1856 3004 2002 3057 quibus
2038 2987 2314 3056 Laurentium,
2359 3007 2569 3047 Oddonem

367 3072 408 3108 et
434 3068 592 3108 Petrum
623 3071 845 3123 Hildulphi,
888 3076 1100 3114 canonicos
1129 3075 1390 3124 Lundenses,
1433 3079 1708 3130 procuratores
1745 3088 1843 3113 suos
1871 3075 2073 3126 legitimos
2101 3078 2326 3125 constituit,
2367 3079 2431 3131 qui
2467 3077 2571 3117 bona

367 3142 407 3177 et
431 3139 519 3190 jura
547 3140 691 3190 regalia
721 3142 757 3179 in
788 3141 962 3181 dioecesi
991 3143 1197 3184 Lundensi
1229 3148 1465 3194 constituta,
1508 3147 1585 3200 ipsi
1623 3158 1646 3184 a
1680 3144 1884 3183 Bonifacio
1922 3143 2055 3182 ΥΙΙΙνο
2091 3159 2195 3198 papa
2233 3152 2273 3186 et
2308 3148 2399 3201 ejus
2435 3148 2571 3187 nuntio

367 3207 514 3253 lsarno,
545 3207 880 3262 archipresbytero
912 3212 1214 3261 Carcasonensi,
1243 3216 1484 3269 adjudicata,
1512 3216 1745 3269 reciperent.
1775 3236 1824 3243 —
1852 3214 2098 3255 Borenholm
2126 3218 2167 3256 in
2193 3225 2332 3258 castro
2357 3218 2565 3265 Hammer,

367 3275 435 3315 Vl.
465 3277 613 3316 calend.
643 3278 838 3319 Octobris.

755 3350 940 3391 Langcbek
964 3351 1101 3395 Scriptt.
1126 3354 1188 3388 vl.
1213 3353 1388 3388 326-27.

2641 3462 2649 3686 1
