2649 3686
175 325 292 366 1323.

182 1142 299 1182 1324.

155 1226 207 1259 19.
232 1226 331 1258 Febr.

155 1785 206 1818 12.
238 1782 332 1820 Maii.

147 2060 201 2093 31.
235 2058 331 2097 Maii.

155 2418 204 2450 10.
229 2416 335 2450 Junii,

160 2700 210 2732 10.
234 2698 337 2732 Junii,

159 2979 213 3012 27.
238 2978 341 3012 Junii,

361 153 458 205 234
1013 152 1167 200 Koxe
1202 147 1546 198 CHRISTOFFER
1581 159 1678 190 DEN
1713 140 1916 189 Aanx.

362 226 2574 251 -.---,---,--,-,--,---,-,ἡ*-,--,-,-,-,-,-,,,-,-ῄ--,
2642 222 2644 226 Α

442 263 460 286 Ι

626 328 781 376 [1945]
841 325 1197 374 Cmmsropnom)
1240 319 1344 370 regis
1382 317 1431 355 ad
1467 313 1731 366 Jaelingsysael
1761 311 2029 352 inhabitantes
2066 310 2207 356 literae,
2251 308 2395 362 quibus
2423 309 2573 350 Jacoho

367 398 568 450 Tostysen
598 397 810 442 advocato,
839 396 992 447 Esgero
1021 390 1244 444 Bryningh,
1287 386 1465 426 Matthiae
1496 385 1704 436 Thiiryson
1747 387 1786 421 et
1814 381 2058 420 Christierno
2089 380 2360 419 Thorstenson
2399 380 2575 428 mandat,
2643 386 2647 430 ᾖ

366 473 411 508 ut
439 469 639 508 dominum
667 467 872 505 Nicolaum
903 464 1008 503 Brok
1038 463 1232 501 seniorem
1263 458 1301 495 in
1334 454 1575 508 corporalem
1605 453 1909 505 possessionem
1940 450 2130 489 bonorum
2168 450 2205 488 in
2235 448 2453 500 Lynsholt,
2499 451 2575 503 ipsi
2645 453 2648 487 l

367 553 437 592 per
473 542 637 591 quatuor
669 537 801 575 literas
841 536 972 585 regias
1007 532 1183 583 legaliter
1225 525 1561 579 adjudicatorum,
1606 523 1856 562 introducant
1886 524 1926 559 et
1956 520 2220 559 introductum
2252 520 2290 560 iu
2326 518 2477 559 eisdem
2512 519 2576 560 de·
2646 566 2649 575 Σ

369 609 540 648 sendant.
569 628 622 637 --
652 604 967 657 Slanyhoetlaeorp
994 602 1097 649 (sine
1127 600 1258 646 anno).

756 674 860 707 Suhm
888 672 976 703 nist.
1001 670 1040 701 af
1061 667 1209 700 Danrnk.
1234 665 1316 700 XII.
1342 663 1422 696 359.

626 736 779 784 [1946]
836 734 996 778 Literae,
1040 728 1184 781 quibus
1215 739 1446 772 con-sones,
1490 737 1648 764 JURAT!
1678 727 1718 762 et
1746 733 2037 761 nmvnnsvms
2070 733 2297 760 mancum
2336 734 2380 760 ιΝ
2417 720 2575 761 Amen.

371 819 587 845 nnsnonpss·
626 810 757 844 notum
797 803 978 841 omnibus
1007 800 1181 844 faciunt,
1206 811 1250 836 se
1280 809 1419 848 pacem
1447 809 1517 848 per
1545 794 1728 837 Ericum,
1758 793 1898 831 ducem
1927 791 2072 838 Juciae,
2104 791 2320 830 ordinatam
2350 791 2447 830 inter
2475 790 2577 831 Gho-

371 875 546 921 rardunl,
576 876 757 914 comitem
786 872 1018 916 Holtsaciae‚
1062 872 1101 907 et
1128 867 1372 913 Johannem,
1415 867 1649 918 episcopum
1679 864 1977 903 Slesvicensem
2008 876 2056 901 ex
2085 874 2182 908 una,
2226 864 2266 899 et
2305 864 2446 900 terram
2475 860 2578 902 Thit·

372 946 526 984 marciae
556 957 603 983 ex
633 943 753 983 altera
781 945 911 994 parte,
945 939 1225 978 observaturos
1255 950 1360 975 esse.
1389 958 1444 964 -—
1471 935 1684 988 illeldorp.

761 1011 864 1045 Suhm
889 1009 980 1042 nist.
1007 1009 1047 1041 uf
1068 1008 1216 1041 Danmk.
1241 1008 1322 1041 XII.
1347 1006 1428 1038 355.

1399 1120 1544 1170 1324.

635 1223 790 1272 [1947]
847 1222 1028 1275 Diplom,
1058 1221 1223 1261 udstetlt
1251 1220 1294 1260 as
1317 1218 1569 1270 Erkebiskop
1598 1216 1701 1256 Eilif
1725 1218 1737 1256 i
1766 1217 1960 1265 Nidaros,
1990 1217 2014 1257 3
2043 1217 2283 1270 Biskopper,
2314 1230 2364 1269 og
2385 1216 2584 1269 Borgerne

370 1297 380 1334 i
413 1296 532 1342 Oslo,
576 1295 686 1334 hvori
715 1294 852 1345 klages
883 1306 975 1331 over
1012 1292 1087 1331 den
1118 1291 1298 1337 Uorden,
1338 1305 1426 1330 som
1462 1289 1585 1340 Riget
1621 1302 1689 1326 var
1728 1289 1738 1327 i
1780 1287 2013 1327 formedelst
2042 1288 2116 1327 den
2153 1288 2272 1327 slette
2300 1287 2519 1339 Rngering
2546 1287 2589 1327 af

368 1366 442 1404 den
473 1379 572 1417 unge
600 1365 718 1415 Kong
745 1363 952 1415 Magnus’s
982 1361 1250 1413 Raadgivere,
1295 1375 1346 1413 og
1373 1364 1415 1399 at
1442 1372 1532 1398 man
1569 1357 1754 1397 saaledes
1797 1372 1865 1397 var
1902 1358 2044 1397 hleven
2082 1357 2270 1397 indviklet
2308 1357 2319 1395 i
2360 1356 2469 1396 Strid
2496 1357 2586 1396 med

366 1436 583 1475 DANMARK
620 1436 631 1473 i
668 1434 895 1485 Anledning
931 1433 975 1471 af
997 1432 1122 1471 Kmm
1152 1431 1293 1471 Ponsn
1332 1445 1382 1483 og
1423 1430 1524 1468 hans
1552 1427 1826 1480 Folgemaend,
1869 1428 2082 1468 tvertimod
2121 1428 2187 1467 det
2223 1427 2315 1466 med
2352 1427 2459 1466 (lette
2486 1427 2586 1479 Rige

369 1506 588 1558 indgangne
615 1503 932 1550 Fredsforbund3
977 1502 1108 1540 derfor
1143 1502 1264 1553 vaelge
1302 1500 1518 1539 ftirnaevnte
1555 1498 1687 1537 Maend
1722 1497 1858 1550 Erling
1894 1499 2196 1538 Viokunnarson
2235 1498 2281 1536 til
2315 1497 2461 1549 Rigets
2496 1497 2588 1537 For.

368 1576 527 1616 stander
552 1575 675 1615 under
703 1574 895 1625 Kongens
923 1571 1289 1623 Mindreaarighed‚
1321 1585 1371 1623 og
1398 1569 1566 1610 bevidne
1596 1568 1704 1607 dette
1732 1568 1835 1621 Valg
1872 1572 1913 1607 at
1940 1582 2042 1607 vaere
2081 1568 2306 1608 stadsaestet
2332 1581 2410 1620 paa
2439 1566 2588 1621 Thinge

369 1648 380 1685 i
407 1646 521 1686 Oslo.
550 1668 602 1674 —
631 1646 753 1692 Aslo,
786 1643 909 1682 Sond.
944 1646 1043 1681 naest
1073 1642 1131 1681 fiir
1161 1640 1423 1692 Skuddagen,
1454 1641 1466 1678 i
1494 1639 1613 1690 Kong
1641 1638 1851 1690 Magnus’s
1880 1636 1948 1677 4110
1974 1639 2138 1691 Regjer.
2166 1621 2262 1677 Aar.

760 1713 949 1747 'I'horkelin
974 1712 1141 1745 Analecta
1164 1723 1196 1755 p.
1226 1711 1395 1743 174-85.
1445 1710 1519 1742 Cfr.
1546 1710 1652 1741 Suhm
1678 1709 1769 1744 Hist.
1795 1709 1835 1741 af
1855 1710 2003 1741 Danmk.
2028 1710 2109 1742 XII.
2135 1709 2192 1740 80.

630 1776 785 1825 [1948]
842 1776 1008 1822 Literae,
1053 1789 1137 1828 quae
1176 1777 1392 1819 testantur,
1437 1772 1605 1817 JONAM,
1651 1784 1809 1810 nlc'rum
1849 1769 2025 1820 QvAAs,
2068 1770 2246 1824 quaedam
2282 1769 2385 1809 bona
2421 1768 2588 1809 Nicolao

370 1848 554 1895 diacono,
584 1847 689 1886 dicto
719 1847 884 1898 Rampi,
923 1849 1109 1885 scotasse
1150 1848 1269 1897 atque
1298 1857 1344 1882 se
1374 1842 1425 1881 ad
1453 1841 1647 1896 quasdam
1683 1845 1809 1880 terras
1846 1841 1975 1880 eidem
2004 1840 2257 1895 redimendas
2293 1839 2509 1892 obligasse.
2537 1861 2589 1868 —

367 1919 443 1958 Die
472 1918 509 1958 b.
538 1917 657 1958 Nerei
686 1921 725 1956 et
752 1915 924 1956 Achillei
953 1919 1184 1967 martyrum.

760 1987 946 2028 Langebek
974 1985 1114 2028 Scriptt.
1140 1985 1204 2018 VI.
1228 1982 1401 2016 480—-81,

631 2061 785 2109 [1949]
843 2060 986 2099 Literae
1011 2059 1228 2098 JOHANNJS
1259 2053 1441 2104 (XXfldi)
1468 2068 1581 2107 papae
1611 2054 1661 2094 ad
1691 2054 2020 2108 Christophorum
2042 2054 2180 2093 Daniae
2209 2067 2355 2106 regem,
2385 2053 2422 2091 in
2447 2051 2590 2106 quibus

372 2132 421 2171 de
450 2131 655 2170 Ludovico
686 2131 785 2170 (luce
815 2131 992 2170 Bavariae
1023 2128 1159 2174 refert,
1190 2127 1295 2181 quod
1326 2125 1562 2165 discorditer
1591 2126 1629 2164 in
1659 2139 1791 2177 regem
1821 2125 2091 2164 Romanorum
2122 2125 2293 2171 electus,
2324 2124 2428 2162 'ante
2457 2123 2591 2162 confir·

371 2203 584 2241 mationem
623 2201 734 2240 sedis
770 2201 1000 2254 apostolicae
1039 2212 1201 2250 regnum
1240 2197 1510 2249 occupaverit,
1549 2195 1718 2248 ideoque
1756 2208 1779 2233 a
1815 2195 2002 2248 pontifice
2039 2195 2407 2233 excommunicatus
2445 2194 2510 2233 sit.
2541 2215 2588 2221 —
2634 2245 2640 2251 .

372 2273 583 2320 Avhzion„
614 2270 661 2310 ll.
692 2271 841 2310 calend.
871 2270 1001 2317 Junii,
1031 2268 1172 2322 pontif.
1203 2281 1304 2306 anno
1333 2266 1438 2305 wll.

762 2340 851 2384 Epit.
878 2351 932 2383 ap.
957 2339 1130 2384 Raynald.
1158 2337 1294 2371 Contin.
1321 2339 1443 2369 Baron.
1469 2336 1513 2370 ad
1535 2347 1612 2370 ann.
1641 2335 1740 2369 1324.
1765 2336 1900 2368 XVIII.
1925 2337 2020 2367 Tom.
2044 2335 2092 2367 V.
2119 2345 2149 2377 p.
2175 2334 2254 2367 270.

632 2413 787 2463 [1950]
846 2413 1064 2453 Conventio
1094 2413 1192 2453 inter
1219 2424 1352 2462 regem
1383 2410 1761 2449 Cnmswopnomm
1786 2410 1958 2463 ejusque
1983 2408 2103 2446 filium
2125 2407 2312 2454 Emeum,
2340 2411 2381 2446 et
2405 2407 2592 2448 Ottonem

374 2497 421 2524 ac
447 2484 727 2531 Wratizlaum,
757 2484 880 2523 duces
910 2483 1140 2529 Slavorum,
1171 2478 1448 2520 Cassuhiae‘et
1475 2479 1740 2526 Pomeraniae,
1772 2492 1850 2532 qua
1877 2479 2031 2531 priores
2062 2491 2157 2516 sese
2186 2476 2236 2516 ad
2265 2478 2454 2517 auxilium
2486 2477 2592 2519 duci-

376 2554 452 2594 bus
481 2558 614 2593 contra
642 2554 782 2593 hostes
811 2553 1075 2607 praestandum
1107 2552 1295 2603 obligant.
1326 2572 1376 2578 -
1412 2550 1436 2599 (
1443 2550 1499 2589 W
1497 2548 1803 2602 ortinybffirclc,
1835 2548 2032 2588 dominica
2062 2548 2261 2587 trinitatis.

769 2624 873 2658 Suhm
898 2623 991 2656 nist.
1023 2623 1064 2655 af
1085 2621 1232 2654 Danmk.
1257 2621 1339 2655 XII.
1364 2620 1538 2655 360—62.

638 2696 793 2746 [1951]
852 2696 1069 2736 Conventio
1114 2696 1213 2734 inter
1251 2694 1493 2733 JOHANNEM
1531 2697 1571 2733 et
1598 2692 1859 2737 JonAanM,
1897 2689 2080 2730 dominos
2111 2690 2159 2728 de
2188 2690 2343 2737 W⁷erle,
2388 2695 2429 2730 et
2462 2705 2594 2744 regem
2632 2724 2637 2734 ,

381 2763 744 2805 ΟΗιιιειΤοΡΗοιιυΜ
775 2767 942 2819 ejusque
972 2765 1092 2803 filium
1121 2764 1315 2811 Emeum,
1355 2778 1432 2817 qua
1462 2764 1608 2803 domini
1639 2763 1688 2802 (le
1717 2761 1852 2801 Werle
1882 2760 1932 2798 ad
1962 2759 2149 2799 auxilium
2178 2762 2259 2812 regi
2289 2765 2423 2802 contra
2452 2761 2593 2802 hostes

382 2834 470 2886 ejus
498 2835 756 2886 praestandum
787 2849 879 2874 sese
910 2835 1095 2887 obligant.
1127 2857 1176 2862 -—
1218 2834 1273 2874 W
1272 2833 1588 2887 orthinyburqlc,
1619 2833 1814 2872 dominica
1843 2831 2043 2871 trinitatis.

770 2905 874 2937 Suhm
898 2905 989 2937 nist.
1015 2905 1056 2937 af
1077 2905 1225 2937 Danmk.
1250 2905 1331 2937 XII.
1356 2904 1531 2936 362—6-1.

640 2976 793 3024 [1952]
850 2976 1069 3017 Lnnow1c1
1112 2977 1382 3017 Romanorum
1435 2978 1542 3029 regis
1583 2973 1915 3028 procuratorium,
1959 2971 2092 3011 datum
2122 2972 2338 3013 Berth01d0
2379 2974 2514 3013 comiti
2544 2973 2593 3012 de

383 3042 642 3095 Hennenberg
678 3044 727 3083 ad
760 3045 967 3096 petendam
1004 3051 1045 3086 et
1079 3046 1343 3099 recipiendam
1380 3060 1403 3085 a
1442 3044 1728 3098 Christophoro
1766 3040 2096 3094 rege.,Danorum
2134 3045 2340 3095 pecuniam
2377 3044 2483 3083 dotis
2519 3057 2592 3083 seu

386 3111 609 3151 donationis
636 3118 792 3166 propter
822 3116 994 3167 nuptias,
1025 3115 1192 3154 dandam
1224 3115 1300 3154 filio
1329 3115 1525 3155 Ludovici
1555 3115 1675 3166 regis,
1703 3112 1924 3152 Ludowico
1964 3111 2178 3151 marchioni
2208 3113 2592 3167 Brandenburgensi,
2648 3135 2649 3138 =

388 3187 427 3221 et
455 3182 680 3234 Margaretae
710 3184 793 3222 filiae
823 3183 1093 3237 Christophori
1124 3186 1244 3236 regis.
1273 3206 1328 3214 —-
1355 3185 1406 3224 In
1436 3183 1787 3234 Frmzclcmzfnrto,
1816 3182 1865 3220 V.
1896 3181 2047 3220 calend.
2077 3181 2186 3220 Julii.

776 3253 931 3286 §chunus
959 3255 1080 3288 Gesch.
1107 3255 1167 3288 des
1192 3255 1294 3297 gran.
1319 3256 1457 3288 Hauses
1483 3254 1703 3295 Hemeberg,
1730 3253 1772 3286 11.
1799 3251 2074 3285 Urkundenbuch
2099 3263 2130 3295 p.
2159 3253 2214 3285 70.
