2649 3686
173 320 289 359 1032.

167 661 249 699 los
261 662 291 698 l.

173 1075 289 1113 1045.

142 1160 191 1190 12.
229 1158 322 1196 Maji.

172 1584 284 1621 1090.

362 150 429 199 32
756 149 911 197 Koxo
946 147 1099 195 Kxun
1138 160 1234 193 DEN
1268 141 1512 190 HELMGE.
1581 141 1738 189 Koxa
1773 140 1917 191 Omne
1953 134 2182 190 Hos-em.

363 326 490 361 testes
527 322 738 374 inscriptos
769 321 938 360 occurrit
968 317 1179 357 Osliernus
1207 312 1448 352 Exoniensis
1487 312 1732 366 episcopus,
1775 313 1992 353 vaAnnrs
2024 326 2159 359 ΒΑιιΝ,
2203 313 2394 355 ⁷Wlnotus
2424 314 2584 355 Har-aldi

362 393 468 444 regis
499 405 721 444 germanus.
753 413 801 418 —
833 390 881 430 In
912 388 1085 427 concillo
1112 383 1410 425 Londoniensi.

758 458 971 493 Μθῐὶᾶὲΐῖθθῐὶ
995 455 1176 495 Anglican·
1218 453 1244 484 Ῑ·
1278 451 1428 484 42—44.
1489 451 1565 484 Cfr.
1598 451 1728 486 Hickes
1761 453 1912 488 Dissert.
1945 453 2082 497 epistol.
2109 453 2298 496 (Thesaur.
2333 453 2418 497 ΙΙΙ.)
2455 466 2486 498 p.
2519 456 2582 497 733

755 521 857 553 Suhm
884 519 973 552 nist.
999 517 1040 549 af
1060 514 1208 548 Danmk.
1237 514 1299 546 IV.
1324 512 1405 545 629.

1394 628 1539 678 1084.

623 731 750 780 [153]
809 728 1010 767 willielmi
1041 727 1148 779 regis
1178 725 1352 778 diploma
1390 729 1461 765 “ut
1498 728 1679 766 canonici
1709 727 1922 766 saeculares
1952 728 2000 767 de
2032 729 2203 768 ecclesia
2240 729 2345 768 beati
2378 727 2581 768 Cuthberti

362 807 616 845 amoveantur
652 806 691 840 et
728 798 910 839 monachi
951 800 988 836 in
1035 799 1163 850 ipsam
1208 796 1543 835 introducentur''.
1615 796 1719 836 Inter
1762 799 1919 836 nomina
1953 797 2178 852 subscripta
2219 800 2388 838 occurrit
2425 800 2581 851 siguum

362 876 553 915 Siwanm
588 884 711 911 nans.
744 893 790 897 —
824 869 950 920 Apud
984 867 1399 906 IVestmonasterlum
1430 868 1468 906 in
1499 868 1693 915 concilio,
1723 882 1826 906 anno
1855 868 2061 906 willielmi
2091 871 2198 922 regis
2226 868 2376 909 XVlll.

750 937 969 971 Monasticon
993 936 1173 978 Anglican.
1200 937 1226 970 1.
1254 937 1310 970 44.
1361 937 1436 970 cfr.
1463 937 1569 969 Suhm
1594 937 1684 971 Hjst.
1712 939 1752 971 af
1774 938 1923 970 Danmk.
1950 939 2012 971 lv.
2038 938 2118 973 629.

623 1153 749 1200 [154]
809 1149 972 1189 Ciam-rm
1008 1152 1135 1202 quarti
1164 1150 1300 1203 Magni
1329 1152 1437 1202 regis
1466 1151 1532 1190 filii
1563 1151 1686 1190 literae
1717 1150 1936 1199 dotatoriae,
1967 1152 2078 1191 factae
2108 1151 2284 1191 basilicae
2315 1154 2451 1191 Sancti
2480 1153 2585 1191 Lau-

359 1227 470 1265 rentii
502 1223 717 1263 Lundensi.
747 1243 797 1248 —-
829 1220 983 1268 Lzmdi,
1014 1221 1105 1259 XII.
1136 1222 1209 1260 cal.
1238 1222 1360 1268 Junii,
1392 1221 1528 1260 indict.
1551 1220 1659 1260 VIII.
1683 1225 1811 1274 epact.
1836 1221 1969 1268 XXII,
1994 1236 2169 1261 concurr.
2193 1222 2243 1268 ΙΙ,
2275 1236 2376 1261 anno
2401 1224 2509 1274 regni
2531 1223 2580 1260 V.

749 1291 904 1323 stobaeus
942 1290 1023 1323 Tria
1057 1301 1239 1324 monumm.
1274 1291 1412 1336 antiqua
1443 1291 1643 1324 Lundensia
1678 1303 1709 1335 p.
1745 1292 1895 1325 20—21.
1958 1293 2162 1325 sommelius
2197 1293 2237 1324 de
2271 1293 2395 1335 templo
2431 1292 2582 1326 cathedr.

746 1353 857 1385 Lund.
896 1363 927 1395 p.
969 1353 1105 1385 12—14
1150 1353 1245 1396 (cum
1271 1353 1325 1386 die
1360 1354 1423 1386 XI.
1462 1354 1526 1386 cal.
1563 1353 1691 1397 dumi).
1764 1353 1953 1386 Thorkelin
1977 1354 2069 1398 Dipl.
2094 1357 2335 1396 Arna—Magn.
2368 1355 2395 1387 Ι.
2421 1366 2452 1397 p.
2483 1355 2582 1387 1—2.

749 1414 934 1456 Langebek
969 1415 1108 1458 Scriptt.
1143 1417 1204 1449 111.
1237 1416 1410 1448 425—28.
1475 1415 1580 1448 Suhm
1606 1416 1685 1448 Hist
1716 1416 1756 1448 af
1784 1417 1931 1449 Danmk.
1965 1417 2027 1449 lv.
2061 1416 2233 1448 781—82.
2289 1415 2466 1457 Liljegren
2491 1416 2582 1459 Dipl.

749 1479 845 1509 Svec.
871 1478 897 1509 Ι.
924 1487 979 1510 no,
1004 1477 1050 1509 26
1074 1489 1106 1521 p.
1131 1477 1281 1510 42—41.

1389 1568 1534 1618 1090.

619 1668 748 1716 [155]
810 1667 975 1713 Charta,
1007 1680 1082 1720 qua
1112 1667 1264 1706 Anam
1295 1667 1497 1706 Danorum
1528 1668 1661 1719 regina
1691 1671 1844 1720 partem
1874 1668 1984 1706 silvae
2014 1680 2096 1707 suae
2121 1669 2159 1706 in
2182 1666 2378 1706 Harlehec
2403 1666 2582 1705 ecclesiae
2603 1699 2613 1710 x

362 1740 551 1779 Hennensi
590 1737 825 1777 Theoderici
863 1737 1132 1784 confessoris,
1185 1739 1330 1790 “cujus
1375 1739 1560 1776 virtutum
1599 1738 1914 1776 famosissimam
1950 1737 2106 1776 laudem
2137 1751 2159 1776 a
2188 1737 2326 1776 multis
2355 1736 2494 1782 didici,
2533 1736 2583 1775 oh
2624 1731 2625 1734 ¹

359 1811 495 1848 animae
537 1809 685 1847 domini
723 1809 830 1860 regis
869 1807 1086 1846 remedium
1124 1811 1164 1846 et
1199 1809 1371 1846 omnium
1409 1812 1708 1847 antecessorum
1748 1808 2019 1855 nostrorum'’,
2063 1807 2166 1846 dono
2198 1807 2369 1846 dedicat.
2440 1806 2586 1846 Charta

358 1881 448 1918 data
486 1884 549 1918 est
584 1893 653 1931 per
690 1892 847 1917 manum
885 1878 1109 1916 Wulsranni
1147 1878 1371 1916 cancellarii
1408 1879 1564 1930 reginae.
1635 1878 1918 1927 (Donationem
1956 1879 2098 1930 reginae
2141 1878 2398 1916 confirmasse
2441 1876 2585 1916 dicitur
2620 1896 2642 1906 »-

358 1951 477 1989 srater
506 1951 596 2002 ejus
621 1949 839 1995 Robertus,
865 1948 1058 1987 Flandriae
1090 1962 1239 1994 comes,
1271 1948 1321 1986 ad
1347 1947 1493 1986 bellum
1518 1962 1673 1986 sacrum
1699 1949 1959 2000 proficiscens
1985 1961 2087 1987 anno
2115 1947 2249 1996 1096).
2279 1970 2328 1975 —
2360 1946 2583 1995 Harlebec,

359 2020 426 2058 lv.
458 2019 607 2059 calend.
639 2018 797 2065 octbr„
830 2018 967 2056 indict.
996 2018 1107 2057 XIII.
1138 2022 1266 2071 epact.
1295 2017 1410 2065 VIII,
1449 2022 1637 2069 regnante
1666 2018 1854 2071 Philippo
1884 2018 2123 2057 Francorum
2160 2032 2254 2070 rege
2290 2031 2392 2057 anno
2427 2017 2581 2057 XXXI.

359 2104 458 2129 anno
489 2089 781 2143 archiepiscopi
812 2088 958 2127 domini
988 2088 1187 2140 Raynaldi
1216 2088 1303 2126 Vll.
1334 2088 1508 2127 Radulfo
1538 2093 1699 2140 regente
1729 2089 1897 2127 feliciter
1927 2088 2141 2127 ecclesiam
2171 2086 2369 2126 annovlll.

751 2159 879 2191 Marlot
902 2159 1104 2201 Metropolis
1129 2158 1311 2191 Remensis
1333 2158 1489 2192 Historia
1515 2158 1662 2202 (insulis
1692 2158 1790 2191 1666.
1805 2158 1902 2201 Fol.)
1929 2160 2025 2190 Tom.
2048 2160 2091 2191 11.
2113 2169 2144 2201 p.
2169 2157 2337 2190 182—83.
2388 2158 2462 2191 Csr.
2478 2158 2581 2190 Suhm

754 2220 845 2253 Hist.
873 2221 914 2253 af
934 2221 1083 2252 Danmk.
1109 2222 1170 2252 IV.
1198 2221 1275 2252 755.

622 2291 749 2339 [156]
809 2290 1115 2329 Instrumentum
1155 2289 1203 2328 de
1242 2291 1531 2329 restauratione
1560 2289 1791 2328 monasterii
1832 2290 1898 2328 “in
1936 2289 2024 2328 loco
2064 2289 2130 2341 qui
2168 2288 2260 2327 olim
2299 2288 2583 2327 Streoneshale

361 2363 594 2408 vocabatur,
624 2361 768 2400 deinde
798 2360 981 2399 Prestebi
1012 2359 1302 2412 appellabatur,
1333 2374 1434 2398 nunc
1463 2374 1555 2398 vero
1577 2359 1730 2398 witebi
1753 2360 1952 2404 vocatur’'‚
1982 2373 2052 2411 per
2075 2358 2324 2397 Reinfridum
2348 2358 2582 2397 monachum

362 2433 411 2471 de
435 2432 663 2478 Ewesham,
693 2435 896 2470 strenuum
920 2430 1086 2468 militem
1107 2428 1311 2469 willielmi
1336 2430 1512 2469 bastardi
1542 2430 1761 2481 Anglorum
1787 2430 1907 2481 regis,
1938 2430 2003 2481 qui
2034 2433 2148 2467 “cum
2181 2429 2452 2481 cognovisset,
2478 2428 2583 2480 quod

362 2507 524 2541 sanctus
561 2503 626 2541 ille
660 2502 773 2540 locus
811 2514 833 2539 a
871 2500 1162 2539 crudelissimis
1192 2501 1332 2552 piratis
1363 2499 1536 2540 INGWAR
1566 2504 1607 2539 et
1635 2500 1777 2546 Urina,
1821 2499 1990 2538 ducibus
2024 2499 2246 2538 Alariorum
2285 2503 2325 2538 et
2352 2498 2583 2544 Dmmmm,

363 2586 449 2611 vum
489 2574 691 2624 provincia
726 2569 1131 2622 Northanymbrorum
1170 2570 1291 2609 feroci
1326 2570 1634 2623 depopulatione
1672 2574 1784 2609 esset
1821 2570 2047 2616 devastata,
2101 2584 2122 2608 a
2167 2569 2312 2622 quibus
2355 2569 2473 2607 etiam
2517 2582 2583 2607 rex

365 2646 526 2680 sanctus
564 2641 787 2680 Edwardus
827 2640 1047 2679 decollatus
1085 2644 1169 2687 est,
1213 2654 1259 2679 ac
1302 2640 1494 2692 deinceps
1537 2654 1608 2693 per
1650 2639 1844 2678 ducentos
1889 2643 1928 2677 et
1966 2653 2012 2678 eo
2052 2639 2223 2692 amplius
2259 2653 2385 2678 annos
2419 2638 2587 2677 vacabat
2630 2665 2632 2670 -

366 2710 499 2762 religio
530 2711 809 2751 monachorum
840 2714 880 2749 et
909 2710 1253 2749 sanctimonalium
1285 2712 1322 2749 in
1354 2710 1496 2749 eodem
1525 2711 1629 2755 Ιοοο,
1658 2713 1920 2762 compunctus
1951 2714 2015 2748 est
2043 2709 2202 2748 c0r(le”.
2247 2732 2296 2738 -—
2342 2709 2438 2747 Sine
2468 2722 2582 2747 anno.

756 2781 972 2814 Monasticon
997 2779 1181 2822 Anglican.
1208 2780 1236 2813 1.
1262 2781 1411 2813 73—-75,
1460 2781 1535 2814 Csr.
1561 2780 1666 2812 Suhm
1693 2779 1782 2811 nist.
1808 2779 1848 2811 af
1868 2780 2015 2812 Danmk.
2041 2781 2103 2813 IV.
2129 2779 2207 2812 757.

124 2915 370 2954 10974105.
1299 2895 1641 2946 1097—1106·

627 2994 753 3043 [157]
811 2994 982 3047 Eadgari
1013 2994 1223 3033 Scotorum
1262 2996 1369 3046 regis
1410 2994 1564 3041 charta,
1609 3005 1684 3045 qua
1722 2993 1853 3031 villam
1884 2992 2064 3032 Swintun
2103 2997 2143 3032 et
2170 2991 2375 3045 privilegia
2406 2990 2580 3043 quaedam

371 3061 546 3099 ecclesiae
584 3076 617 3100 s.
646 3063 779 3103 Mariae
817 3065 923 3118 apud
962 3063 1245 3115 coldingaham
1283 3068 1323 3103 et
1351 3064 1559 3103 monachis
1596 3062 1650 3102 ibi
1687 3062 1926 3114 degentibus
1967 3063 2170 3110 concedit3
2212 3060 2404 3100 testibus:
2464 3059 2581 3099 Tuon

375 3142 529 3176 nosco,
561 3131 660 3171 Cnut
690 3133 775 3172 Carl
806 3149 902 3181 sun,
933 3135 1069 3174 Swein
1098 3134 1336 3181 Ulskillsun,
1367 3133 1499 3174 Uuiaet
1526 3134 1579 3180 (v.
1608 3132 1746 3180 Uinet)
1775 3132 1910 3173 hwite.
1942 3156 1991 3161 -
2023 3133 2119 3172 Sine
2149 3145 2263 3170 anno.

762 3204 947 3237 Facsimile
972 3215 1045 3238 cum
1071 3203 1188 3246 sigillo
1214 3204 1310 3246 regis
1338 3206 1371 3236 et
1396 3203 1595 3236 enodatione
1621 3212 1673 3245 ap.
1699 3203 1893 3248 Anderson,
1920 3204 2117 3247 Diplomata
2143 3205 2175 3236 et
2202 3201 2417 3235 Numismata
2441 3200 2582 3242 Scotiae,

765 3275 818 3296 no.
844 3266 876 3298 3.
926 3265 1092 3300 Beda'ed.
1119 3265 1247 3309 smith,
1273 3265 1446 3310 Appendix
1471 3276 1501 3308 p.
1530 3263 1699 3297 760—61.
