2649 3686
1093 952 1723 1013 PRAEFATIO.

1293 1181 1520 1194 *—

305 1355 608 1438 Recentioris
653 1386 861 1432 civitatum
895 1385 1202 1446 Europaearum
1245 1384 1429 1430 historiae
1475 1385 1660 1431 subsidia
1704 1385 1934 1431 certissima
1978 1385 2242 1448 maximeque
2287 1388 2519 1433 necessaria

304 1479 535 1542 diplomatis
580 1476 812 1537 litterisque
855 1473 1031 1536 publicis
1075 1474 1312 1533 contineri,
1365 1491 1448 1520 non
1492 1476 1571 1521 hoc
1614 1475 1783 1520 demum
1829 1475 2013 1535 saeculo,
2067 1474 2142 1520 sed
2179 1475 2267 1535 jam
2303 1478 2518 1539 superiore

306 1570 401 1615 satis
436 1572 702 1630 perspectum
740 1573 818 1610 est.
887 1564 964 1610 His
1001 1564 1111 1609 enim
1147 1564 1294 1632 litteris
1330 1565 1567 1627 chartisque
1596 1581 1679 1610 non
1707 1564 1842 1609 solum
1871 1580 2042 1624 eorum,
2079 1581 2173 1627 quae
2200 1565 2367 1627 publice
2395 1582 2520 1612 max-

303 1660 391 1704 imis
435 1658 475 1702 in
517 1656 645 1701 rebus
691 1662 782 1700 acta
826 1660 1029 1716 gestaque
1075 1661 1204 1713 sunt,
1257 1670 1354 1699 vera
1395 1655 1720 1716 incorruptaque
1767 1654 1970 1699 memoria
2004 1662 2306 1716 conservatur,
2360 1656 2435 1702 sed
2470 1656 2522 1702 ad

302 1763 467 1793 omnem
509 1761 640 1808 prope
675 1744 918 1789 interiorem
953 1744 1205 1805 populorum
1243 1743 1562 1803 condicionem,
1616 1743 1669 1788 ad
1703 1744 1795 1788 vitae
1831 1743 2000 1804 privatae
2036 1745 2244 1805 sormam,
2297 1745 2350 1791 ad
2382 1762 2522 1793 mores

301 1838 646 1899 ingeniorumque
690 1835 848 1879 cultum
891 1832 1232 1894 cognoscendum
1268 1833 1443 1877 materia
1478 1848 1561 1877 non
1596 1833 1734 1878 minus
1771 1834 1937 1895 copiosa
1973 1850 2050 1880 nec
2083 1835 2243 1881 minore
2279 1834 2362 1880 fide
2399 1835 2521 1896 digna

302 1943 352 1972 ex
393 1924 741 1988 praestantissimis
785 1923 863 1968 illis
906 1939 984 1968 nec
1024 1938 1210 1984 unquam
1254 1923 1469 1968 fallacibus
1510 1922 1692 1967 historiae
1728 1923 1987 1969 documentis
2022 1925 2357 1987 testimoniisque
2399 1925 2521 1971 colli-

302 2017 426 2076 gitur.
494 2016 640 2076 Itaque
676 2029 726 2058 ex
762 2028 846 2074 quo
882 2019 1073 2073 tempore
1109 2012 1293 2057 subsidia
1330 2013 1574 2058 recentioris
1611 2012 1793 2058 historiae
1828 2029 1955 2058 manu
1989 2013 2156 2075 scripta,
2194 2023 2375 2076 quorum
2403 2014 2520 2076 copia

304 2113 346 2151 et
389 2103 616 2165 amplitudo
659 2102 790 2147 indies
836 2101 1085 2161 crescebat,
1140 2109 1255 2147 certo
1300 2102 1473 2147 consilio
1519 2102 1807 2164 accuratisque
1850 2102 1995 2148 studiis
2040 2103 2099 2148 sic
2133 2103 2268 2164 colligi
2304 2104 2521 2166 digerique

303 2201 450 2254 coepta
493 2199 619 2251 sunt,
672 2198 719 2236 ut
763 2207 811 2236 ea
846 2191 887 2235 in
922 2191 1069 2251 vulgus
1107 2191 1215 2236 edita
1252 2192 1417 2237 aditure
1453 2192 1660 2253 patefacto
1695 2192 1925 2254 utendique
1961 2199 2170 2254 potestate
2207 2193 2301 2238 data
2336 2193 2521 2238 omnium

302 2282 525 2343 cognitioni
570 2288 910 2342 exponerentur,
963 2296 1047 2342 quo
1096 2266 1250 2326 facilius
1293 2281 1432 2326 multis
1477 2282 1518 2326 in
1563 2280 1750 2342 partibus
1799 2297 1942 2326 rerum
1986 2288 2200 2342 gestarum
2241 2283 2423 2328 narratio
2469 2282 2521 2328 ad

302 2372 482 2417 veritatis
519 2372 657 2431 legem
693 2371 832 2416 critica
870 2377 958 2416 arte
996 2371 1257 2431 exigeretur,
1285 2371 1473 2432 protinus
1509 2370 1765 2416 intellectum
1793 2377 1873 2430 est,
1911 2386 1994 2416 non
2021 2370 2118 2415 satis
2149 2386 2259 2430 esse,
2296 2372 2520 2433 diplomata

304 2462 545 2522 litterasque
591 2460 775 2521 publicas
821 2460 1009 2521 disperse
1051 2476 1127 2521 per
1169 2460 1303 2505 varios
1348 2460 1477 2505 libros
1514 2460 1899 2522 commentariaque
1935 2460 1975 2504 in
2011 2460 2148 2504 lucem
2181 2462 2391 2522 protrahi,
2445 2460 2520 2507 sed

305 2557 347 2594 et
380 2551 550 2595 collecta
586 2565 634 2594 ea
669 2557 793 2611 atque
830 2550 869 2594 in
908 2548 1113 2611 quosdam
1148 2550 1267 2611 quasi
1301 2549 1522 2594 thesauros
1566 2556 1768 2609 congesta
1812 2549 2034 2610 diligenter
2077 2548 2143 2594 edi
2191 2549 2347 2596 debere
2393 2558 2436 2596 et
2477 2550 2518 2596 id

306 2637 510 2698 agendum
541 2653 648 2697 esse,
684 2646 745 2698 ut,
785 2639 854 2701 qui
890 2639 931 2683 in
967 2638 1137 2683 historia
1173 2638 1453 2700 perquirenda
1489 2637 1791 2699 condendaque
1829 2637 2110 2693 elaborarent,
2149 2639 2298 2684 saltem
2334 2640 2439 2686 scire
2475 2646 2518 2686 et

307 2726 669 2787 circumspiciendo
706 2727 1059 2788 comprehendere
1094 2735 1292 2790 possent,
1336 2727 1434 2790 quid
1469 2715 1753 2789 quantumque
1783 2727 1871 2787 jam
1906 2726 2177 2788 diplomatum
2213 2728 2371 2774 editum
2405 2735 2518 2774 esset

308 2830 484 2875 quaeque
518 2815 564 2859 iis
601 2817 925 2862 continerentur.
997 2817 1039 2862 Si
1074 2818 1166 2879 quis
1203 2818 1266 2862 vel
1303 2818 1449 2862 leviter
1485 2816 1732 2875 attenderit,
1788 2817 1958 2877 singulis
1995 2833 2124 2878 prope
2161 2818 2276 2862 annis
2312 2817 2514 2877 majorem

309 2903 523 2963 provenire
559 2920 702 2950 eorum
738 2906 940 2951 librorum
974 2921 1212 2966 numerum,
1250 2923 1354 2968 quos
1393 2906 1462 2968 qui
1498 2905 1639 2965 edant,
1676 2905 1716 2950 id
1752 2905 1830 2951 sibi
1863 2906 2172 2967 proposuerint,
2210 2913 2256 2952 ut
2291 2906 2515 2968 diplomata

310 2991 549 3051 litterasque
592 3000 633 3036 et
674 2994 836 3053 publica
877 3002 967 3040 acta
1011 2995 1061 3039 ad
1103 3003 1314 3041 certorum
1348 3011 1610 3056 regnorum,
1663 2994 1966 3056 provinciarum
2001 2996 2260 3040 minorumve
2295 2996 2514 3056 regionum

309 3078 524 3123 urbiumve
569 3079 779 3126 historiam
821 3085 1068 3143 pertinentia
1104 3086 1207 3145 typis
1244 3085 1509 3144 exscribant,
1564 3085 1681 3130 sacile
1718 3084 1965 3145 apparebit,
2021 3083 2302 3130 difficillimum
2339 3100 2431 3130 esse
2466 3099 2513 3129 ac

310 3181 417 3226 saepe
460 3182 511 3211 ne
557 3166 646 3211 fieri
689 3169 854 3229 quidem
900 3189 1047 3233 posse,
1100 3181 1147 3218 ut
1190 3174 1334 3235 aliquis
1379 3175 1419 3219 in
1456 3175 1547 3219 loco
1583 3174 1719 3235 aliquo
1755 3173 1936 3218 historiae
1971 3172 2185 3218 tractando
2222 3173 2416 3219 omnibus
2449 3173 2512 3218 his

312 3253 440 3313 libris,
477 3254 625 3315 quibus
661 3255 880 3316 diplomata
917 3262 1220 3322 contineantur,
1258 3263 1354 3324 ipsis
1382 3270 1539 3308 utatur.
1607 3262 1865 3309 Perlustrato
1894 3261 2025 3307 indice
2054 3261 2291 3322 hujusmodi
2320 3277 2508 3325 operum,
