2649 3686
697 142 853 193 Koxo
889 143 1233 198 CnnlsroPflEn
1269 165 1365 198 DEN
1399 149 1612 199 Fiinsrn.
2168 161 2262 210 121

51 227 2266 255 Ἣ

314 311 444 362 [938.]
503 312 827 356 Οιιιιιετοιηιοιιι
870 318 1072 360 Danorum
1116 322 1402 377 Slavorumque
1453 326 1560 377 regis
1602 325 1796 378 diploma,
1851 341 1930 380 quo
1979 332 2266 381 possessiones
2340 336 2453 377 1252.

53 382 281 424 monasterii
315 382 558 423 Vitescholae
595 386 840 434 (nominatim
885 394 1151 442 enumeratas)
1196 393 1325 433 eidem
1367 394 1591 443 confirmat,
1635 400 1676 435 et
1717 397 1921 450 privilegia
1964 402 2047 438 rata
2078 400 2183 440 facit.
2214 425 2266 431 —

52 452 147 492 Sine
176 464 290 491 anno.

443 524 531 558 Diin.
558 523 717 560 Biblioth.
744 527 807 562 Vl.
837 527 1003 564 146—-19.
1052 532 1158 565 Suhm
1187 534 1278 567 nist.
1305 534 1345 567 af
1367 535 1514 568 Danmk.
1540 536 1584 568 X.
1610 534 1782 570 971—73.

1082 656 1228 707 1253,
2335 676 2450 718 1253.

312 745 440 795 [939]
500 746 817 789 Cnmsropnom
848 752 954 802 regis
985 752 1104 793 literae
1135 758 1398 808 protectoriae,
1427 756 1528 796 datae
1559 756 1718 797 villanis
1756 758 1805 798 de
1835 758 2079 813 Svinaburg,
2111 765 2150 801 et
2180 776 2268 801 con·
2308 761 2407 793 Febr.
2441 763 2492 794 vel

53 815 217 855 firmatio
242 816 390 869 jurium
417 820 457 856 et
485 817 638 869 legum,
669 819 821 858 eisdem
851 834 873 859 a
903 825 1012 874 patre
1042 825 1131 875 ejus
1162 840 1459 866 concessorum.
2331 822 2469 854 Μῆηῑυ·

445 886 633 920 'l‘horkelin
659 889 883 932 Diplomatar.
909 894 1147 934 Arna-Magn.
1180 896 1206 928 1.
1233 907 1263 938 p.
1299 896 1375 929 192.
1433 899 1583 941 Begtrup
1616 899 1834 942 Svendborgs
1866 900 1991 933 Beskr.
2023 911 2055 945 p.
2091 901 2170 935 210.
2205 904 2269 937 cl'r.

444 959 475 992 p.
493 948 546 982 16.
582 949 807 994 Aktstykker
832 955 895 985 etc.
921 954 999 995 udg.
1025 956 1066 987 af
1086 957 1202 999 Fyens
1227 957 1278 990 lit.
1304 957 1419 991 selsk.
1445 970 1477 1002 p.
1497 959 1553 992 86.
1603 960 1793 994 Cfr.Suhm
1810 960 1905 995 nist.
1919 963 2118 997 at'Danmk.
2131 965 2176 997 X.
2190 966 2270 998 233.

312 1021 442 1070 [940]
499 1021 628 1062 Eruci
661 1023 753 1076 (leg.
785 1024 1131 1079 Cnmsropnom)
1160 1030 1361 1070 Danorum
1391 1032 1676 1087 Slavorumque
1705 1036 1812 1087 regis
1837 1034 2023 1088 diploma,
2055 1051 2132 1090 quo
2154 1038 2267 1078 liher—
2300 1035 2334 1068 8.
2361 1035 2494 1069 Martii.

55 1094 158 1130 tates
187 1095 228 1131 et
265 1092 536 1132 immunitates
572 1095 814 1134 monasterio
852 1095 1095 1139 Vitescholae
1134 1114 1352 1140 concessas
1388 1103 1612 1152 confirmat3
1654 1104 1790 1145 adhaec
1828 1106 2042 1159 “quicquid
2080 1109 2118 1147 in
2155 1109 2269 1148 litore

53 1162 192 1208 maris,
236 1161 342 1215 quod
372 1165 497 1202 totum
527 1162 789 1203 Halsemarch
825 1166 984 1214 circuit,
1026 1182 1048 1207 a
1090 1170 1247 1210 flumine
1285 1171 1440 1211 Gethaa
1483 1187 1611 1227 usque
1643 1174 1843 1215 Gasewad
1880 1190 1902 1215 a
1942 1177 2268 1230 naufragantibus

54 1232 199 1285 poterit
227 1231 416 1279 derivari,
459 1233 636 1286 ipsorum
662 1234 974 1287 naufragantium
999 1239 1089 1290 jure
1118 1241 1400 1289 conservato'',
1436 1246 1678 1304 monasterio
1709 1245 1857 1285 tribuit.
1902 1268 1950 1274 —
1995 1248 2124 1301 Apud
2159 1248 2267 1289 Vite-

52 1301 255 1350 scholam,
282 1300 390 1341 Vlll.
421 1302 473 1342 id.
503 1302 653 1342 Martii.

442 1374 533 1406 Dan.
558 1373 721 1408 Biblioth.
745 1376 809 1409 vl.
838 1376 1004 1411 1-10—41.
1052 1379 1126 1412 Csr.
1150 1382 1291 1415 Danske
1314 1384 1452 1425 Magaz.
1479 1383 1506 1416 1.
1535 1383 1703 1418 140—11.

312 1445 441 1495 [941]
489 1446 828 1489 camsropnom
859 1452 965 1502 regis
994 1451 1112 1492 literae
1142 1456 1410 1506 protectoriae,
1445 1458 1814 1498 sanctimonialibus
1851 1460 2031 1499 ecclesiae
2060 1459 2166 1500 beati
2198 1461 2264 1501 Jo-
2291 1463 2348 1496 30·
2374 1463 2505 1496 Martii.

54 1513 196 1554 hannis
224 1513 409 1569 baptistae
439 1515 489 1555 de
518 1516 694 1570 Sleswig
723 1518 842 1567 datae,
887 1520 1031 1574 quibus
1061 1523 1179 1562 simul
1207 1524 1327 1564 villici
1358 1530 1398 1564 et
1426 1527 1554 1566 coloni
1591 1529 1765 1581 ipsarum
1798 1542 1821 1568 a
1850 1532 2075 1581 gravamine
2105 1531 2265 1584 expedi-

0 1597 2 1607 *
53 1585 196 1632 tionis,
236 1587 484 1639 impetitione
514 1589 714 1627 exactoria
743 1593 783 1628 et
811 1589 860 1629 ab
892 1593 995 1630 omni
1026 1606 1142 1632 onere
1165 1594 1269 1646 juris
1298 1596 1396 1647 regii
1425 1595 1537 1636 liberi
1567 1601 1607 1637 et
1636 1599 1780 1638 exemti
1809 1598 2068 1640 declarantur.
2100 1624 2148 1630 —
2179 1602 2264 1656 Ny-

54 1653 203 1709 burste,
233 1657 350 1696 tertio
379 1656 531 1696 calend.
560 1657 688 1710 April.
717 1661 827 1711 regni
851 1673 951 1700 anno
980 1663 1120 1714 primo.

444 1727 678 1771 Westphalen
703 1731 855 1763 Monum.
880 1730 970 1764 ined.
996 1733 1057 1765 III.
1081 1731 1252 1767 359—60.

1955 1765 1963 1784 Ι

40 1858 43 1860 ‚
312 1800 441 1850 [942]
499 1800 758 1841 INNocfflwrn
798 1801 913 1854 (lV‘f)
950 1818 1061 1858 papae
1098 1807 1338 1846 confirmatio
1375 1808 1571 1859 generalis
1606 1809 1900 1863 privilegiorum
1928 1814 2160 1853 monasterii
2188 1812 2264 1853 Es·
2287 1812 2344 1844 30.
2369 1812 2500 1846 Martii.

55 1871 264 1911 romensis.
294 1893 343 1900 -
374 1870 565 1920 Pemsiz‘,
595 1870 663 1911 Ill.
689 1872 842 1912 calend.
869 1874 997 1927 April.
1025 1876 1164 1928 pontif.
1193 1890 1293 1916 anno
1322 1877 1489 1918 decimo.

440 1941 632 1983 Langebek
654 1941 792 1986 Scriptt.
817 1944 881 1977 IX.
930 1968 940 1977 .
970 1945 1053 1979 Cod.
1077 1946 1214 1979 Esrom.
1239 1946 1298 1980 t'ol.
1324 1947 1473 1981 XXIIII.
1528 1948 1602 1982 cfr.
1628 1949 1734 1983 Suhm
1757 1950 1853 1984 Hist.
1876 1952 1918 1984 af
1936 1952 2084 1986 Dnnmk.
2109 1954 2155 1987 X.
2182 1953 2261 1987 234.

35 2046 39 2052 Α
320 2015 450 2064 [943.]
513 2012 670 2056 JAco'm
714 2018 895 2070 episcopi
933 2017 1243 2058 Roschildensis
1280 2019 1430 2060 dotatio
1472 2021 1617 2062 domus
1659 2025 1786 2063 sancti
1829 2025 2015 2078 spiritus,
2057 2027 2119 2066 vel
2160 2027 2263 2067 Novi
2303 2030 2356 2064 1⁷.
2390 2032 2486 2073 Majh

53 2083 299 2138 Hospitalis,
327 2085 654 2126 Roschildensis.
684 2109 735 2115 ——
765 2084 1052 2136 Roesche‘lde‘ae,
1082 2087 1193 2128 XVI.
1223 2089 1373 2129 calend.
1401 2090 1521 2130 Junii.

445 2156 595 2189 Hofmau
617 2157 851 2190 Fundationer
872 2158 949 2190 VII.
974 2157 1146 2191 308-11.

284 2228 443 2278 Α[944]
500 2229 693 2280 J(Acol3¹)
731 2231 911 2284 episcopi
941 2230 1223 2270 Roskildensis
1259 2231 1400 2280 literae,
1443 2233 1587 2286 quibus
1624 2234 1889 2288 indulgentias
1923 2236 2000 2277 XL
2030 2238 2180 2279 dierum
2211 2241 2261 2279 iis
2303 2248 2354 2281 18.
2388 2249 2486 2289 Maji.

55 2299 254 2347 concedit,
284 2301 350 2352 qui
381 2300 420 2338 in
450 2299 568 2339 domo
599 2286 727 2340 sancti
757 2301 923 2354 spiritus
952 2300 1056 2353 apud
1085 2301 1296 2340 ecclesiam
1327 2301 1365 2340 h.
1394 2301 1597 2344 Laurentii
1626 2304 1836 2345 Roskildis
1865 2306 2092 2347 aedificanda
2120 2322 2261 2348 manus

54 2370 298 2422 porrexerint
324 2366 637 2424 adjutrices9—
667 2370 1040 2424 Kb'pmannaeleafn,
1069 2370 1159 2409 XV.
1193 2371 1343 2410 calend.
1371 2371 1493 2411 Junii.

448 2440 635 2473 Thorkelin
659 2440 884 2484 Diplomatar.
910 2441 1146 2482 Arna-Magn.
1171 2441 1198 2473 1.
1219 2451 1252 2484 p.
1280 2441 1357 2474 193.

315 2501 445 2555 [945]
503 2501 764 2542 Inmocnm'rn
797 2500 909 2552 (lVlf)
940 2516 1051 2555 papae
1079 2501 1203 2548 bulla,
1242 2516 1319 2555 qua
1348 2502 1649 2557 archiepiscopo
1677 2504 1881 2546 Lundensi
1912 2511 1953 2546 et
1979 2509 2170 2560 magistro
2198 2508 2264 2549 Jo-
2307 2514 2340 2547 9.
2367 2516 2472 2548 Junii.

56 2571 172 2611 hanni
189 2571 344 2619 Stichil,
370 2572 561 2611 canonico
584 2572 860 2619 Roskildensi,
885 2576 1018 2611 notum
1042 2572 1148 2619 facit,
1178 2571 1398 2624 Ingretham
1429 2574 1675 2613 comitissam
1701 2575 1749 2614 de
1765 2576 2009 2628 Regenstein
2031 2583 2261 2632 susceptam

56 2654 150 2682 esse
179 2640 253 2681 sub
284 2643 414 2695 ipsius
444 2645 484 2682 et
511 2641 550 2681 b.
579 2640 688 2681 Petri
717 2643 1016 2695 protectionem.
1047 2663 1095 2669 —
1126 2643 1297 2690 Assise’i,
1327 2642 1376 2680 V.
1406 2642 1458 2681 id.
1487 2642 1619 2691 Junii,
1649 2645 1787 2698 pontis.
1817 2659 1918 2685 anno
1937 2647 2114 2687 decimo.

447 2711 635 2744 Thorkelin
658 2712 883 2755 Diplomatar.
909 2713 1144 2754 Arna-Magn.
1171 2712 1198 2744 1.
1224 2722 1256 2754 p.
1285 2711 1359 2744 194.

319 2773 448 2822 [946]
506 2772 759 2813 Imvocsswru
805 2771 914 2822 (lvss)
968 2773 1017 2812 ad
1057 2773 1248 2812 Jacohum
1291 2771 1453 2812 Erlandi
1494 2775 1727 2828 episcopum
1769 2776 2077 2818 Roskildensem
2121 2780 2259 2827 literae,
2290 2785 2340 2818 13.
2361 2787 2518 2828 Augusti.

57 2842 363 2896 postulationem
393 2844 484 2896 ejus
514 2843 563 2882 ad
587 2843 971 2905 archiepiscopatum
992 2842 1244 2882 Lundensem
1268 2842 1532 2882 confirmatam
1548 2857 1643 2884 esse
1666 2846 1899 2887 indicantes.
1956 2848 2124 2898 (Eodem
2141 2850 2259 2890 modo

58 2914 248 2966 scriptum
290 2914 464 2967 capitulo
501 2912 730 2961 Lundensi,
773 2913 877 2953 clero
920 2913 1093 2952 civitatis
1136 2915 1176 2951 et
1218 2911 1420 2951 dioecesis
1462 2912 1692 2955 Lundensis
1734 2920 1774 2956 et
1814 2917 1964 2970 populo
2005 2920 2179 2959 civitatis
2221 2925 2260 2960 et

58 2981 258 3023 dioecesis
285 2983 498 3037 ejusdem).
528 3005 578 3011 -
607 2984 779 3028 Assisz'i,
810 2982 942 3022 idibus
971 2982 1163 3034 Augusti,
1192 2981 1331 3033 pontif.
1360 2994 1462 3021 anno
1494 2981 1567 3022 XI.

98 3043 104 3049 ’
446 3053 621 3095 LilJegren
645 3052 873 3096 Diplomatar.
902 3054 1042 3086 Svecan.
1068 3052 1094 3084 1.
1120 3061 1175 3082 no.
1200 3050 1278 3084 406.
1305 3062 1336 3094 p.
1360 3051 1532 3086 362—64.

317 3114 445 3164 [947]
502 3114 759 3154 Innocnwrn
777 3110 892 3162 (lvfi)
909 3126 1019 3167 papae
1035 3112 1085 3151 ad
1099 3125 1229 3164 regem
1241 3111 1375 3151 Daniae
1390 3112 1523 3162 literae,
1539 3113 1589 3154 de
1599 3115 1891 3158 confirmatione
1901 3119 2253 3161 electionisJacobi
2284 3130 2335 3163 17.
2357 3132 2515 3174 Augusti.

58 3180 218 3223 Erlandi
246 3183 315 3224 filii
344 3185 382 3223 in
411 3184 795 3236 archiepiscopatum
825 3183 1092 3222 Lundensem.
1122 3204 1171 3210 —
1202 3182 1375 3230 Assisii,
1403 3182 1511 3224 XVI.
1541 3185 1614 3225 cal.
1637 3186 1860 3240 Septembr.
1889 3189 2030 3241 pontis.
2059 3203 2158 3231 anno
2188 3191 2256 3231 Xl.

450 3253 627 3296 Liljegren
650 3252 875 3297 Diplomatar.
902 3256 1041 3287 Svecan.
1068 3252 1094 3285 1.
1119 3261 1172 3286 no.
1200 3252 1277 3284 407.
1304 3262 1335 3295 p.
1360 3252 1438 3287 364.

127 3313 253 3351 Regem.
274 3316 351 3345 Dan.
370 3316 394 3346 1.
1948 3324 1997 3363 16
