2649 3686
993 158 1148 207 Koxo
1182 157 1338 209 Omne.
2175 167 2270 217 317

327 324 485 374 [2698]
541 326 694 367 W'isnv
725 327 1024 370 lxnvAANnni-:s
1051 331 1342 384 Hyldingsbrev
1370 332 1413 372 ti!
1444 331 1562 378 Olaff,
1592 331 1734 383 Konge
1769 331 1808 370 til
1832 331 2042 379 Dannmrk,
2073 336 2160 374 med
2183 337 2273 376 For·
2350 339 2460 380 1376.

6 417 10 425 =
67 397 251 457 piigtelse
286 400 328 436 at
363 395 493 435 betale
523 410 570 435 en
601 397 722 450 aarlig
749 398 848 437 skat
876 400 920 438 af
951 401 1003 439 00
1041 401 1168 454 lijdige
1204 402 1317 442 Mark
1351 402 1480 456 lybsk.
1526 423 1574 430 —
1627 400 1793 455 lVisby,
1834 401 1970 442 Mariae
2007 403 2274 446 Himmelsarts
2303 408 2354 440 15-
2376 411 2530 451 Augum.

67 468 167 521 Dag.
2014 473 2272 527 (Plattydsk).

459 535 551 567 Jahn
578 535 793 571 Unionshist.
820 550 850 582 p.
876 540 1047 573 529-30.

330 596 486 645 [2699]
544 596 709 645 Limne,
753 600 896 653 quibus
926 602 1228 642 Hammonium
1258 602 1436 642 'Nicoma
1469 615 1615 642 uici-rs
1644 602 1854 643 Lnnmcn
1894 608 2083 652 testatur,
2127 619 2172 644 se
2209 605 2276 644 do·
2317 614 2345 646 1.
2372 616 2501 658 svpihr.

67 670 198 710 minos
233 667 495 718 abbatemet
530 672 764 707 conventum
803 670 851 709 de
888 673 1128 711 monasterio
1169 671 1267 711 Loci
1309 672 1406 719 Dvi,
1449 687 1681 726 omnemque
1726 673 1910 712 familiam
1956 676 2151 727 ipsorum,
2195 680 2274 716 tam

65 743 173 780 extra
215 737 499 777 monasterium
545 750 660 788 quam
705 739 822 786 infra,
866 745 1073 794 ceteraque
1110 744 1239 781 onmia
1280 741 1380 781 bona
1420 743 1593 795 ipsorum
1633 744 1669 781 in
1701 742 1918 794 Liigherret
1954 748 1995 782 et
2024 746 2060 783 in
2091 746 2274 785 omnibus

65 810 154 850 aliis
184 808 284 847 locis
315 811 354 846 et
383 808 579 860 praecipue
610 808 646 845 in
677 810 881 848 exactione
910 809 1051 862 Lyttlae
1081 811 1237 850 Tunder
1266 813 1365 859 sita,
1409 811 1483 850 sub
1513 826 1586 851 sua
1615 814 1860 867 protectione
1889 817 2144 868 suscepisse,
2188 817 2275 854 viri·

64 880 152 920 liter
178 893 224 919 ac
253 878 418 918 fideliter
446 875 706 916 defendenda.
737 900 785 906 —
819 879 895 918 Die
924 879 1029 919 beati
1057 880 1189 931 Egidii
1220 881 1389 920 abbatis.

430 986 433 989 Ι
458 947 643 987 Langebek
668 947 805 991 Scriptt.
831 950 927 981 vm.
953 950 1123 982 234—35.

324 1008 480 1058 [2700]
537 1008 733 1061 Forening
769 1010 934 1049 imeliem
965 1011 1082 1062 Kong
1111 1011 1230 1050 Onus
1263 1025 1312 1063 og
1339 1011 1542 1065 Dronning
1570 1013 1838 1061 Manena-ra,
1882 1020 1986 1055 samt
2022 1016 2089 1055 det
2125 1015 2273 1055 danske
2299 1019 2354 1052 21.
2380 1021 2511 1063 septbr.

63 1079 190 1132 Rige,
218 1093 293 1133 paa
321 1079 395 1118 den
426 1093 499 1118 ene
529 1079 647 1125 Side,
678 1093 728 1130 og
757 1079 806 1117 de
835 1080 1158 1133 mekienborgske
1188 1081 1381 1133 Hertuger
1410 1083 1642 1123 Aminneum·
1674 1099 1724 1137 og
1747 1085 1912 1125 stmx
1937 1100 2009 1139 paa
2035 1086 2109 1125 den
2134 1086 2274 1132 anden,

63 1163 152 1202 ang.
189 1149 264 1189 den
293 1163 414 1202 yngre
444 1148 597 1200 Hertug
625 1148 838 1188 Albrechts
867 1150 1055 1202 Fordring
1083 1165 1157 1203 paa
1187 1150 1262 1190 den
1292 1151 1443 1191 danske
1473 1151 1640 1193 Throne.
1669 1177 1721 1183 —
1758 1154 2179 1208 Kopmannehnveue,
2223 1169 2271 1194 an

64 1222 119 1260 εἴθ
150 1219 338 1260 Matheus
367 1223 470 1271 tage.
1564 1231 1566 1233 '
2015 1226 2271 1278 (Plattydsk).

457 1288 563 1321 Suhm
597 1288 687 1321 Hist.
723 1288 764 1320 af
790 1289 934 1324 Danmk.
968 1290 1064 1322 XIV.
1100 1290 1247 1323 500-3.
1307 1292 1377 1324 Paa
1402 1292 1523 1324 Dansk
1549 1296 1684 1326 oversat
1711 1294 1774 1327 iios
1799 1294 1982 1336 Rviffeldt,
2019 1297 2138 1328 lianm.
2164 1295 2271 1336 Rigcs

457 1352 563 1383 Krssn.
591 1362 622 1393 p.
648 1350 820 1383 561—62.
846 1350 1055 1393 (Ox-artudg.
1081 1353 1174 1384 Tom.
1200 1353 1261 1385 lv.
1286 1363 1318 1395 p.
1348 1353 1432 1396 15.).
1481 1354 1597 1395 Ogsaa
1623 1355 1686 1387 hos
1711 1357 1838 1399 Suhm,
1866 1368 1897 1389 a.
1921 1361 1971 1389 st.
1997 1360 2032 1389 S.
2057 1356 2204 1389 26—29.

324 1411 470 1463 [2701.]
528 1412 694 1459 Literae,
738 1412 883 1465 quibus
912 1413 1210 1459 minumum,
1254 1415 1405 1454 Sveciae
1443 1407 1482 1454 et
1518 1415 1722 1468 Norvegiae
1762 1419 1914 1470 regina,
1956 1417 2127 1471 capitulo
2165 1417 2269 1456 Lun·
2299 1421 2350 1455 16.
2377 1422 2514 1457 Octobr.

62 1481 202 1522 densis
230 1483 408 1523 ecclesiae
438 1483 743 1521 monstrandam
774 1482 967 1534 quandam
998 1482 1129 1521 donat.
1161 1505 1208 1510 —
1239 1483 1315 1523 Die
1345 1483 1382 1523 b.
1414 1484 1531 1524 Galli.

456 1553 558 1585 Suhm
586 1552 675 1585 Hist.
703 1553 744 1584 af
763 1553 911 1584 Danmk.
935 1553 1031 1585 XIV.
1058 1552 1227 1584 -195—96.

323 1613 470 1665 [2702]
526 1613 669 1653 Literae
699 1613 881 1654 Nicomi
921 1614 1078 1652 comitis
1108 1613 1297 1653 Holsatiae
1333 1618 1374 1653 et
1413 1615 1653 1663 Stormariae,
1697 1616 1842 1656 domini
1874 1617 2180 1665 Sunder-Jutiae,
2219 1618 2266 1657 de
2296 1626 2346 1659 1⁷.
2374 1627 2511 1660 Octobr.

61 1682 311 1731 concambio,
355 1683 458 1723 sacto
493 1685 593 1723 inter
629 1684 819 1723 Thomam
857 1683 1037 1722 abbatem
1068 1682 1165 1721 Loci
1195 1683 1268 1722 Dei
1297 1688 1337 1723 et
1365 1684 1561 1724 dominam
1587 1685 1859 1734 catherinam,
1898 1688 2071 1726 relictam
2111 1687 2264 1727 Nicolai

60 1752 317 1806 Bramthorp,
361 1767 482 1806 super
517 1753 635 1793 bonis
671 1754 898 1792 monasterii
935 1755 972 1792 in
1009 1766 1147 1805 campo
1186 1753 1402 1792 Schastedt
1430 1758 1470 1793 et
1498 1754 1732 1808 Bramthorp
1763 1760 1803 1795 et
1840 1757 2169 1809 possessionibus
2199 1757 2265 1797 ‹lo-

61 1824 175 1864 minae
204 1823 421 1864 Catherinae
451 1825 487 1863 in
518 1823 711 1876 Cogstedt
738 1828 778 1862 et
806 1822 956 1875 Abterp
985 1824 1089 1862 sitis.
1119 1845 1168 1851 —
1198 1824 1389 1875 Apenra,
1419 1824 1456 1862 in
1486 1825 1662 1877 profesto
1693 1825 1810 1865 Lucae
1840 1827 2104 1878 evangelistae.

454 1895 641 1935 Langebek
667 1893 807 1936 Soriptt.
833 1893 926 1925 wn.
950 1892 1120 1925 99—100.

323 1955 479 2005 [2703]
535 1954 719 1995 Forbund
748 1955 901 1994 mellem
931 1954 1047 2006 Kong
1075 1954 1218 2000 Omna,
1246 1953 1363 2005 Kong
1390 1934 1548 1993 HAm
1578 1969 1628 2007 og
1655 1954 1859 2008 Dronning
1886 1956 2148 2004 Mneunrs,
2186 1972 2260 2011 paa
2301 1964 2328 1997 l.
2364 1966 2489 1998 xovhr.

61 2023 138 2064 den
168 2017 262 2072 ene,
292 2039 343 2078 og
372 2026 524 2078 Hertug
552 2025 648 2064 Erik
677 2024 721 2064 af
745 2023 924 2063 Sachsen
955 2037 1028 2076 paa
1058 2023 1131 2062 den
1161 2023 1288 2063 auden
1318 2023 1437 2071 Side,
1468 2038 1531 2064 om
1559 2025 2022 2077 Krigs-Understijttelse
2051 2041 2103 2066 m.
2132 2042 2183 2067 m.
2215 2050 2262 2056 --

60 2094 406 2149 Kallinqeborck,
437 2097 474 2135 in
504 2096 579 2134 alle
609 2094 733 2147 gades
762 2094 922 2146 hilligen
952 2093 1064 2144 dage.

453 2165 590 2199 Scheidt
613 2167 703 2198 Vom
727 2164 906 2198 teutschen
929 2163 1012 2196 Adel
1033 2174 1064 2206 p.
1088 2161 1258 2196 368-69.
1307 2163 1411 2197 Suhm
1436 2164 1527 2198 nist.
1552 2165 1591 2198 af
1610 2166 1757 2208 Danmk.
1781 2166 1880 2198 xlv.
1905 2165 2051 2199 503—5.

1091 2274 1235 2324 1377.
2338 2293 2454 2333 1377,

306 2374 478 2424 [2704]
535 2374 661 2422 Brev,
691 2372 864 2412 hvorved
892 2371 1197 2410 IanYoonRNn
1229 2384 1283 2411 AF
1312 2371 1625 2412 Boxixcnmmn
1655 2372 1844 2420 hex-idne,
1875 2377 1914 2412 at
1937 2373 1984 2412 de
2008 2373 2106 2413 have
2129 2374 2265 2427 hyldet
2291 2378 2323 2409 7.
2358 2378 2500 2413 Januar.

59 2458 111 2497 og
139 2448 273 2485 svoret
302 2445 500 2485 Greverne
529 2444 669 2483 Hinrik
707 2457 756 2495 og
785 2442 937 2481 Clawes
966 2441 1010 2480 as
1033 2440 1223 2479 Holsteen
1255 2441 1453 2489 Troskab,
1497 2456 1547 2494 og
1583 2443 1782 2495 surpligtet
1817 2444 1880 2494 sig
1917 2443 1959 2481 til
1995 2447 2035 2481 at
2068 2444 2144 2496 yde
2174 2445 2262 2485 dem

6 2523 9 2527 '
59 2515 142 2563 Ait,
169 2514 273 2554 hvad
291 2515 339 2554 de
356 2528 446 2554 vare
462 2514 536 2553 den
554 2513 697 2552 afdiide
712 2512 852 2563 Konge
869 2512 1028 2563 pligtige
1045 2533 1095 2538 —
1119 2510 1203 2549 Des
1220 2510 1426 2562 neghestin
1443 2511 1690 2551 Midwekens
1707 2526 1755 2551 na
1772 2512 1948 2551 twelftin.
2005 2513 2264 2565 (Plattydsk).

450 2584 640 2616 Micheisen
666 2581 930 2615 Nordfriesland
955 2591 986 2622 p.
1015 2578 1182 2611 194—95.

321 2645 476 2695 [2705]
532 2645 676 2684 Literae
708 2644 842 2682 OLAV1
873 2643 976 2693 regis
1009 2640 1057 2679 de
1081 2640 1176 2679 xlv
1207 2641 1347 2680 solidis
1372 2646 1557 2682 terrarum
1582 2644 1619 2682 in
1646 2656 1767 2681 censu
1790 2640 1896 2680 Petri
1920 2641 2042 2694 Dywr
2064 2643 2112 2683 de
2136 2643 2265 2684 Hwal-
2291 2644 2346 2678 29.
2372 2646 2512 2679 Januar.

12 2747 19 2757 ,
60 2714 284 2768 εδὸηιᾶςῐεε,
307 2716 436 2757 Malae
459 2716 574 2768 regiae
591 2713 815 2765 adscriptis.
837 2733 891 2739 —
914 2710 1058 2760 Quinta
1085 2710 1179 2749 seria
1202 2712 1378 2763 proxima
1402 2716 1491 2752 ante
1516 2712 1618 2751 diem
1642 2712 1926 2765 purificationis
1949 2711 1986 2751 b.
2010 2712 2142 2753 Mariae
2167 2716 2263 2767 virg.

450 2785 555 2818 Suhm
581 2784 669 2816 nist.
696 2784 736 2815 af
755 2782 901 2814 Danmk.
927 2781 1023 2812 XIV.
1049 2780 1126 2812 505.

320 2846 466 2897 [2706]
523 2845 687 2891 Literae‚
718 2843 860 2897 quibus
890 2842 1067 2881 Onu-us
1098 2854 1162 2879 rex
1194 2839 1333 2880 Olawo
1362 2840 1597 2881 Paedersson
1628 2842 1676 2881 de
1704 2841 1888 2895 Nydorp,
1918 2843 2050 2890 militi,
2087 2843 2190 2884 hona
2221 2848 2257 2885 iu
2297 2852 2352 2886 25.
2384 2855 2485 2888 Febr.

58 2915 319 2969 WVorebiergh
344 2920 382 2955 et
403 2915 534 2967 Dalby
557 2916 594 2954 in
617 2912 872 2952 Hornshaeret
900 2910 1113 2964 adjudicat,
1143 2909 1312 2949 familias
1333 2910 1370 2948 in
1394 2911 1512 2951 dictis
1536 2911 1652 2951 bonis
1676 2912 1898 2952 residentes
1922 2926 1992 2965 pro
2016 2913 2257 2966 impetitione

59 2977 430 3039 Gotscalci‘Dyeng
458 2985 683 3024 absolvens.
713 3004 767 3011 ——
796 2980 1025 3027 Roslcildis‚
1056 2980 1227 3018 crastino
1252 2978 1309 3018 Sti
1341 2980 1500 3020 Mathiae
1529 2981 1714 3034 apostoli.

452 3055 558 3089 Suhm
582 3053 673 3087 nist.
698 3053 738 3085 af
757 3052 903 3084 Danmk.
930 3050 1026 3082 xlv.
1051 3048 1199 3080 505—6.

334 3116 465 3167 2707.]
522 3115 688 3161 Literae,
733 3112 876 3165 quihus
914 3110 1088 3149 Oranus
1125 3123 1192 3148 rex
1228 3112 1467 3150 monasterio
1510 3115 1655 3151 sanctae
1694 3113 1862 3166 Agnetis
1903 3114 2112 3155 Roskildis
2155 3116 2257 3157 bona
2295 3128 2350 3162 25.
2384 3131 2483 3165 ltebr-

60 3186 259 3240 quaedam,
290 3187 394 3227 dicta
421 3181 802 3236 Konungsheyneth,
831 3185 871 3220 et
899 3179 1165 3219 molendinum
1195 3178 1511 3234 Haraidsburgh,
1541 3196 1663 3236 prope
1687 3183 1895 3224 Roskildis
1924 3186 2015 3232 sita,
2044 3184 2256 3238 adjudicat.

61 3278 110 3285 -
139 3257 370 3306 Roslcildis,
400 3256 573 3313 crastino
605 3253 642 3292 b.
671 3252 830 3292 Mathiae
860 3249 1044 3302 apostoli.

451 3325 555 3358 Suhm
583 3323 671 3356 nist.
696 3322 736 3355 af
757 3321 899 3354 Danmk.
924 3319 1019 3352 xlv.
1043 3316 1124 3350 506.
