2649 3686
956 154 1329 206 Ixrnnnmxum.
2156 161 2254 209 253

298 323 455 373 [2105.]
511 324 662 364 Junker
699 326 817 366 Οττο
857 327 901 366 as
933 327 1154 382 Danmarks
1182 328 1446 382 Forpligtelse
1474 341 1549 382 paa
1580 342 1679 380 egne
1716 342 1766 380 og
1793 328 1995 368 Broderen
2024 330 2256 370 Valdemars
2327 333 2442 375 1333.

36 393 198 446 chne,
240 393 285 432 til
322 394 413 433 med
450 394 487 433 al
518 396 579 434 sin
609 395 724 448 Magt
752 401 793 436 at
821 401 933 437 staae
962 399 1194 451 Markgreve
1221 399 1380 451 Ludvig
1408 398 1453 438 af
1475 397 1759 450 Brandenborg
1794 398 1834 438 bi
1872 398 1964 438 mod
2002 399 2078 439 alle
2107 399 2257 440 dennes
2286 401 2337 434 1⁷·
2369 404 2487 436 necbr.

34 461 332 503 Modstandere.
363 486 413 492 —
444 464 687 514 Premzlon,
718 466 918 519 Fredagen
950 469 1048 508 ester
1077 471 1138 508 St.
1168 469 1302 508 Luciae
1331 469 1432 522 Dag.
2000 469 2253 522 (l’lattydsk).

431 535 587 567 Gercken
615 535 698 569 Cod.
726 536 872 579 Diplom.
899 539 1089 572 Brandcnb.
1114 538 1142 572 1.
1167 550 1199 582 p.
1228 539 1304 572 160.

296 594 454 645 [2106.]
511 596 660 637 Junker
690 598 810 637 O‘rro
841 600 884 638 as
909 599 1119 647 Damnark,
1150 600 1301 653 Hertug
1331 601 1341 639 i
1370 599 1524 639 Laland
1554 614 1604 652 og
1632 598 1816 647 Estland,
1847 600 2020 640 afstaacr
2049 615 2124 654 paa
2151 615 2250 652 egne
2279 602 2330 635 17.
2363 605 2481 639 Dccbr.

34 678 86 718 og
127 665 190 704 sin
231 663 386 704 Broder
427 665 665 706 Valdemars
708 667 845 720 Vegne
889 669 1286 710 Successionsretten
1329 671 1341 709 i
1379 669 1578 709 Danmark
1622 670 1664 708 til
1702 670 1819 710 deres
1857 671 2010 723 Svoger
2048 670 2254 722 Markgrev

32 734 191 788 Ludvig
218 734 263 774 as
284 734 569 788 Brandenborg
598 751 649 790 og
678 738 889 790 Ari-inger,
936 740 1033 778 isald
1063 740 1189 792 begge
1218 739 1420 779 Brtidrene
1451 739 1594 779 skulde
1623 740 1699 779 (1133
1728 739 1832 779 uden
1862 741 2026 780 Askom.
2083 740 2253 780 Vidner:

33 803 180 845 Provst
208 804 377 845 Gerlach
409 806 451 844 til
482 807 576 845 AErti
607 821 658 859 og
686 807 892 860 Thorseng
922 812 1007 856 (·‘to
1038 798 1134 849 Erre
1163 810 1243 849 und
1272 814 1312 850 to
1343 809 1564 861 Dosland·’)
1595 824 1647 862 og
1676 809 2063 860 Gottsred„Cannik
2093 811 2103 849 i
2134 810 2251 849 Ribe.

32 897 86 904 —
113 873 356 922 Premzlou,
385 875 590 928 Fredagcn
618 877 718 916 efter
747 878 808 916 St.
837 878 970 918 Luciae
999 879 1100 932 Dag.
1997 880 2253 933 (Plattydsk).

429 947 588 980 Gerekcn
614 947 698 981 Cod.
724 947 808 991 diph
832 949 1023 982 Brandenb.
1050 950 1077 982 1.
1102 961 1134 994 p.
1163 950 1332 984 156-57.

1072 1065 1216 1116 1334.
2325 1077 2441 1119 1334.

294 1158 444 1210 [2107]
500 1159 653 1201 JAconl
684 1162 864 1215 episcopi
893 1163 1105 1215 Ripensis,
1149 1157 1415 1203 archidiaconi
1445 1166 1486 1202 et
1513 1162 1673 1217 capituli
1704 1163 1884 1216 ejusdem
1915 1164 2094 1204 ecclc-sim
2125 1169 2250 1205 trans·
2298 1163 2331 1195 9·
2366 1165 2463 1198 Febr·

32 1228 223 1281 scriptum
252 1227 452 1269 literarum
484 1231 760 1284 episcoporum
792 1232 1125 1280 slesvicensium,
1171 1233 1220 1273 de
1263 1233 1417 1272 decima
1447 1233 1664 1286 episcopali
1694 1234 1890 1286 parochiae
1919 1234 2133 1288 Bulthorp,
2170 1250 2250 1275 mo-

31 1299 205 1339 nasterio
233 1297 335 1338 Loci
363 1299 439 1339 Dei
470 1314 677 1340 concessa.
707 1324 759 1330 —
788 1302 929 1355 Ripis,
960 1307 1074 1342 sexto
1105 1303 1194 1343 idus
1222 1303 1438 1343 Februarii.

423 1371 614 1412 Langebek
639 1371 776 1414 Scriptt.
801 1372 897 1405 vul.
923 1372 1092 1405 209—10.

291 1431 444 1479 [2108]
502 1432 648 1473 Literae
677 1434 829 1473 Mmm
868 1435 974 1486 regis
1004 1434 1155 1474 Sveciae
1194 1434 1243 1474 de
1279 1433 1425 1474 tributo
1461 1434 1684 1488 praestando
1721 1449 1790 1488 pro
1829 1434 2060 1483 obsidibus,
2103 1439 2169 1490 qui
2208 1439 2246 1476 in
2293 1439 2327 1475 9.
2360 1442 2460 1476 Febr.

27 1499 210 1540 manibus
253 1502 498 1554 quorundam
542 1502 789 1543 dominorum
827 1504 875 1544 de
912 1503 1137 1543 [theutonia
1174 1504 1407 1544 tenebantur
1442 1519 1512 1558 pro
1550 1509 1653 1544 terra
1687 1505 1867 1551 Skaniae,
1910 1505 2164 1546 redimendis.
2196 1529 2244 1535 —

33 1560 216 1621 Umbro,
246 1570 310 1611 die
338 1573 526 1612 cinerum.

421 1643 530 1685 Bring
552 1645 703 1677 Monum.
730 1646 830 1677 Scan.
853 1644 934 1677 Vol.
959 1644 986 1677 Ι.
1012 1655 1044 1688 p.
1073 1644 1217 1677 101—3.

291 1704 448 1754 [2109]
507 1705 648 1745 Literae
675 1705 810 1745 Pte-riu
840 1706 1122 1753 ScuAAme,
1153 1706 1297 1760 quibus
1326 1707 1567 1746 monasterio
1589 1706 1688 1746 Loci
1709 1706 1786 1746 Dei
1815 1712 1909 1760 post
1937 1713 2100 1747 mortem
2131 1723 2244 1749 suam
2276 1709 2309 1742 3-
2342 1710 2468 1743 Martii-

29 1775 160 1814 omnia
189 1788 263 1815 sua
290 1775 396 1815 bona
423 1775 583 1816 mobilia
614 1780 654 1815 et
683 1776 915 1823 immobilia,
944 1776 1165 1829 ubicunque
1194 1776 1369 1816 locorum
1400 1778 1500 1822 sita,
1544 1790 1629 1829 quae
1657 1778 1816 1829 propria
1848 1777 2038 1817 industria
2075 1782 2244 1832 acquisi-

26 1849 138 1884 verat
169 1845 233 1885 vcl
261 1848 482 1899 acquireret
517 1847 556 1886 in
590 1846 783 1892 futurum,
827 1860 872 1885 ac
902 1847 1018 1885 etiam
1050 1846 1135 1894 illa,
1180 1859 1264 1899 quae
1294 1860 1317 1884 a
1347 1845 1532 1885 fratribus
1568 1846 1661 1885 dicti
1697 1849 1927 1887 monasterii
1967 1848 2155 1889 habuerat
2194 1856 2243 1892 “a

26 1917 236 1956 retroactis
265 1916 551 1970 temporibus”,
581 1917 732 1956 confert
761 1920 801 1956 et
829 1918 1029 1969 assignat,
1054 1919 1144 1970 jure
1172 1920 1365 1970 perpetuo
1394 1915 1652 1968 possidenda.
1685 1938 1734 1944 -
1774 1917 1915 1970 Ripz's,
1960 1923 2049 1958 ante
2080 1920 2242 1960 domini-

27 1998 113 2026 cam
139 1985 287 2027 Letare
320 1986 384 2028 die
409 1986 537 2026 Jovis.

419 2056 610 2098 Langehek
636 2055 775 2099 Scriptt.
801 2056 898 2089 VIII.
924 2057 981 2090 61.

287 2117 445 2168 [2110]
502 2119 782 2158 WALnr-Jmm
828 2118 941 2157 ducis
978 2118 1093 2157 Jutiae
1136 2117 1257 2156 literae
1298 2118 1546 2170 protectoriae
1585 2120 1625 2156 et
1660 2118 1865 2170 privilegia
1905 2121 2165 2161 immunitatis
2204 2128 2475 2165 3129.313ηῑί.

26 2189 278 2236 exemtionis,
303 2189 476 2228 claustro
507 2188 867 2227 sanctimonialium
896 2188 934 2228 b.
962 2188 1157 2228 Johannis
1186 2188 1224 2226 in
1255 2186 1481 2238 Schleswig
1510 2186 1613 2226 data.
1641 2209 1691 2215 —
1721 2187 1769 2228 In
1800 2197 1939 2228 castro
1968 2198 2109 2230 nostro
2143 2190 2241 2230 Got-

25 2266 140 2312 torp,
170 2253 296 2298 tertio
317 2257 382 2298 die
409 2258 584 2312 paschae.

417 2329 648 2373 Westphalen
672 2333 822 2362 Monum.
848 2328 934 2362 ined.
960 2328 1022 2361 III.
1046 2327 1126 2360 365.

287 2389 444 2440 [2111]
502 2392 778 2431 NVAwnuAiu
810 2391 921 2430 ducis
950 2390 1072 2429 Juciae
1101 2389 1242 2434 literae,
1288 2387 1433 2440 quibus
1470 2387 1652 2428 abbatem
1690 2393 1730 2428 et
1767 2395 2001 2429 conventum
2032 2390 2129 2429 Loci
2161 2391 2236 2431 Dei
2263 2396 2316 2430 25.
2342 2398 2486 2441 Aprilis.

25 2471 194 2498 unacum
219 2460 405 2500 omnibus
433 2461 550 2501 bonis
579 2466 618 2501 et
646 2462 792 2501 familia
822 2474 954 2500 eorum
986 2458 1060 2497 sub
1091 2472 1163 2497 sua
1192 2458 1357 2509 speciali
1387 2459 1630 2510 protectione
1661 2460 1846 2512 suscipit,
1878 2461 2006 2513 iisque
2036 2461 2240 2513 privilegia

0 2529 130 2568 'varia
159 2529 351 2570 concedit.
383 2553 432 2561 -
470 2531 699 2587 Thyrniyzq,
727 2532 790 2570 die
822 2529 925 2569 beati
955 2529 1077 2568 Marci
1107 2527 1372 2578 evangelistae.

417 2602 607 2643 Langebek
632 2601 770 2644 Scriptt.
795 2600 890 2632 vlu.
919 2599 993 2631 180.

286 2661 434 2714 [2112]
493 2663 789 2702 Testamentum
818 2661 1006 2706 Knom,
1037 2658 1325 2710 archiepiscopi
1354 2657 1598 2697 Lundensis.
1627 2680 1677 2686 —
1710 2659 1806 2698 Sine
1836 2673 1936 2698 anno
1968 2664 2007 2699 et
2037 2660 2114 2701 die.
2283 2669 2336 2703 10.
2361 2672 2459 2711 Maji.

419 2733 526 2766 Suhm
552 2733 643 2765 nist.
669 2734 709 2765 af
729 2732 873 2765 Danmk.
899 2730 979 2762 XII.
1004 2727 1175 2762 389-93.
1202 2728 1265 2760 cfr.
1292 2727 1370 2759 ibid.
1397 2738 1428 2770 p.
1455 2728 1534 2760 248.
2263 2715 2338 2759 (Vel
2364 2718 2474 2761 ante).

286 2793 442 2842 [2113]
498 2794 642 2834 Literae
668 2791 976 2833 testimoniales:
1023 2789 1217 2842 quandam
1253 2788 1357 2828 lxcss
1398 2801 1450 2827 nu
1480 2790 1692 2829 Ansam?
1731 2791 1858 2830 omnia
1895 2805 1969 2830 sua
1998 2791 2101 2831 bona
2132 2794 2236 2846 capi·
2279 2800 2330 2832 18.
2363 2801 2460 2842 Maji.

24 2862 106 2904 tulo
135 2863 347 2904 Arusiensi
376 2865 622 2916 resignasse.
653 2885 702 2891 -—
735 2862 886 2913 Quarta
915 2860 977 2899 die
1006 2862 1276 2912 pentecostes.

422 2934 609 2975 Langebek
634 2933 774 2976 Scriptt.
800 2932 862 2964 VI.
887 2929 1058 2962 470—71.

286 2994 443 3043 [2114]
500 2995 624 3042 Brev,
668 2993 831 3033 udstedt
868 2991 911 3030 af
944 2991 1089 3036 Ono,
1131 2988 1279 3029 Junker
1318 2988 1361 3027 til
1397 2988 1596 3028 Danmark
1635 3003 1684 3042 og
1719 2989 1872 3043 Hertug
1911 2992 1952 3030 til
1982 2992 2149 3032 Lolland
2189 3008 2239 3046 og
2275 2996 2329 3031 29.
2356 2998 2462 3031 Junii.

21 3061 212 3111 Estland‚
240 3062 416 3104 bvorved
445 3064 522 3104 han
551 3065 754 3117 sorpligter
782 3064 844 3114 sig
873 3062 915 3100 til
946 3065 985 3100 at
1014 3060 1162 3098 sorlene
1192 3059 1296 3097 Grev
1327 3057 1454 3096 Johan
1485 3058 1530 3096 as
1553 3057 1790 3113 Henneberg
1818 3061 1908 3100 med
1933 3062 2088 3102 Landet
2112 3063 2236 3110 Mors,

23 3132 214 3173 saasremt
241 3131 397 3174 Greven
426 3134 579 3174 traadte
606 3135 617 3173 i
647 3134 747 3173 hans
777 3131 978 3185 Tjeneste.
1006 3152 1060 3158 —
1091 3127 1410 3181 Saxecopinclae,
1453 3140 1501 3166 an
1532 3127 1602 3167 der
1629 3131 1809 3182 aposteln
1847 3136 1913 3185 tag
1943 3133 2066 3172 sende
2092 3132 2237 3172 Petrus

23 3202 101 3242 vnd
129 3202 254 3243 sende
280 3202 417 3243 Pauls.
2050 3202 2234 3255 (Tydsk).

418 3273 577 3308 Schultes
605 3273 730 3307 Gesch.
755 3272 813 3306 des
837 3271 936 3314 gran.
962 3271 1098 3303 nauses
1126 3267 1344 3312 munchen-g,
1369 3268 1414 3301 11.
1442 3268 1714 3303 Urkundenbucb
1740 3281 1771 3314 p.
1802 3270 1872 3304 111.
