2649 3686
684 104 841 154 Koxe
875 105 1029 155 Kxun
1069 106 1228 172 (VI.)
1267 107 1320 156 V
1321 123 1667 156 ALDEMARsEx.
2217 115 2282 163 69

457 276 646 318 Langebek
670 277 809 320 Scriptt.
835 279 898 313 v1.
922 279 980 313 38.
1034 279 1211 322 Lilchren
1235 279 1460 324 Diplomatar.
1486 281 1629 313 Svecan.
1662 280 1688 316 Ι.
1716 291 1770 315 no.
1801 280 1876 316 105.
1913 292 1943 325 p.
1982 281 2149 319 128-29.
2211 286 2285 322 Csr.
2360 287 2475 325 1197,

461 339 568 371 Suhm
595 338 687 372 nist.
714 339 755 372 as
778 341 922 376 Danmk.
949 342 1045 377 vlu.
1072 342 1151 377 403.

325 398 456 449 [460]
513 400 659 440 Literae
698 401 921 441 W'inmxmn
955 402 1114 443 abbatis
1150 403 1201 443 ad
1236 404 1582 458 archiepiscopum
1617 403 1896 451 Lundensem‚
1939 405 1977 443 in
2015 405 2160 458 quibus
2197 422 2285 445 con-

65 469 238 525 queritur
267 469 317 510 de
347 469 698 522 efflagitationibus
725 470 898 510 Fidentii
928 473 1153 513 cardinalis.
1181 495 1236 504 -·-
1265 476 1361 515 Sine
1391 489 1506 515 anno.

458 540 649 582 Langebek
673 540 814 584 Scriptt.
841 543 902 575 Vl.
929 543 984 578 21.
1035 544 1109 577 cfr.
1137 544 1241 578 subm
1272 544 1361 577 nist.
1388 545 1428 577 al·
1448 546 1597 578 Danmk.
1623 545 1720 578 vul.
1745 544 1826 578 394.

323 601 451 650 [461]
508 601 654 641 Literae
690 602 913 643 wana-mn
957 604 1114 645 abbatis
1151 606 1200 645 ad
1239 606 1276 645 d.
1315 606 1542 647 Seusridum
1580 607 1819 646 cardinalem
1861 606 1956 658 (“de
1986 606 2176 661 quodam,
2220 610 2286 660 qui

61 685 131 725 per
159 671 336 724 rapinam
369 671 553 711 ecclesiae
584 676 726 712 terram
758 675 956 714 invaserat
984 679 1024 714 et
1053 676 1313 726 obtinebat”).
1342 698 1395 706 —-
1426 678 1522 716 Sine
1551 691 1667 716 anno.

453 742 643 784 Langebek
657 742 795 786 Seriptt.
816 745 878 779 VI.
899 745 1048 778 :38—39.
1070 747 1135 779 cfr.
1157 758 1187 790 p.
1209 747 1242 782 6.
1258 757 1310 782 no,
1332 747 1448 782 xvu.
1503 747 1577 782 Cfr.
1605 747 1711 780 subm
1736 747 1827 782 nist.
1855 747 1897 780 af
1917 749 2063 783 Danmk.
2090 748 2177 780 Vlll.
2205 748 2285 781 396.

323 803 453 852 [462]
510 803 658 855 Literae
686 804 916 844 XViLLEmm
942 807 1100 846 abbatis
1129 808 1179 847 ad
1209 808 1436 848 Seusridum
1462 809 1701 849 cardinalem
1745 809 1859 863 (“pro
1900 809 2083 849 familiari
2114 810 2285 863 quodam

58 873 107 914 ad
134 874 228 928 ejus
256 871 561 914 subventionem
591 876 889 924 transmisso'').
918 899 972 905 —
1001 878 1096 916 Sine
1127 892 1242 917 anno.

455 944 645 986 Langebek
670 944 810 988 Scriptt.
836 946 894 978 Vl.
919 946 975 981 63.
1003 947 1066 982 cfr.
1092 959 1122 991 p.
1149 948 1252 983 6-7.
1279 959 1333 984 no,
1359 950 1428 986 Lll.
1487 950 1561 986 cfr.
1588 950 1693 983 Suhm
1719 949 1810 985 nist.
1846 950 1887 982 al·
1906 950 2054 986 Danmk.
2081 950 2166 985 vm.
2199 949 2283 984 306.

321 1005 453 1056 [463]
510 1005 655 1046 Literae
684 1007 914 1047 &Vini-:mn
951 1008 1109 1048 abbatis
1146 1010 1196 1049 ad
1235 1010 1418 1051 Cincium
1454 1012 1692 1052 cardinalem
1729 1012 1778 1052 de
1817 1012 1976 1064 negotio
2012 1012 2198 1066 quodam.
2227 1035 2281 1040 —

58 1075 153 1116 Sine
181 1089 297 1116 anno.
2162 1113 2167 1117 -

428 1131 636 1189 'Langebek
661 1147 800 1191 Scriptt.
828 1148 889 1183 Vl.
913 1148 969 1183 63.
996 1150 1061 1182 cfr.
1086 1162 1118 1193 p.
1144 1151 1245 1186 6-7,
1273 1162 1327 1187 no,
1354 1151 1409 1187 Ll.
1467 1152 1542 1187 Cfr.
1569 1152 1674 1185 Suhm
1699 1151 1790 1189 nist.
1825 1153 1865 1185 af
1885 1153 2033 1188 Danmk.
2069 1153 2162 1188 Vlll.
2199 1152 2279 1188 396.

319 1209 448 1258 [ΜΞ-1.]
495 1192 652 1249 'Literae
681 1210 910 1250 Wmnmu
941 1210 1098 1251 abbatis
1136 1212 1186 1252 ad
1216 1213 1395 1253 Cincium
1432 1214 1692 1261 cardinalem,
1736 1215 2026 1254 intercessoriae
2070 1229 2139 1268 pro
2185 1229 2279 1268 quo-

55 1277 157 1318 dam.
187 1302 239 1307 —
269 1279 366 1319 Sine
395 1294 511 1320 anno.

450 1350 641 1394 Langebek
666 1349 804 1394 Scriptt.
832 1350 894 1386 Vl.
921 1350 1069 1387 63—64.
1134 1353 1206 1388 Cfr.
1233 1353 1340 1388 Sullm
1366 1354 1457 1391 nist.
1484 1354 1524 1387 af
1543 1354 1693 1389 Danmk.
1720 1353 1811 1389 Vlll.
1836 1353 1916 1389 396.

1090 1454 1237 1505 1198.
2345 1474 2462 1515 1198.

318 1551 448 1600 [465]
505 1549 767 1590 lwwocnwu
813 1549 937 1602 (nltiff)
979 1566 1090 1606 papae
1119 1553 1225 1592 bulla
1267 1553 1317 1592 ad
1354 1553 1601 1593 Absalonem
1630 1553 1975 1607 archiepiscopum
2004 1555 2273 1604 Lundensem,
2299 1560 2354 1597 22.
2382 1562 2516 1605 Septbr.

10 1637 12 1639 ·
56 1620 104 1660 de
134 1621 429 1662 confirmatione
459 1620 687 1660 donationis
716 1623 837 1660 castri
866 1621 1086 1662 Hasnensis
1117 1623 1209 1671 (“de
1238 1623 1417 1677 Hasij''),
1455 1623 1561 1676 quod
1590 1637 1613 1662 a
1642 1610 1734 1676 rege
1763 1623 2017 1665 waldemaro
2047 1631 2274 1681 acceperat,

53 1694 93 1730 et
126 1691 297 1744 plurium
331 1691 524 1731 bonorum
564 1690 798 1731 “v-itlelicet:
841 1692 974 1731 villam
1004 1693 1131 1745 ipsam
1169 1693 1217 1732 de
1251 1693 1367 1747 Hasij
1407 1694 1499 1746 (leg.
1539 1694 1692 1744 Hafa),
1731 1696 1978 1734 mansionem
2018 1696 2067 1736 de
2106 1696 2274 1739 Others-

54 1760 126 1808 lef,
179 1775 268 1800 cum
313 1761 498 1802 omnibus
539 1762 793 1815 pertinentiis
837 1763 945 1810 suis,
986 1764 1141 1802 scilicet
1182 1764 1334 1803 Serssel
1377 1763 1598 1815 (Serslef),
1643 1763 1871 1817 Solbjarge‚
1914 1765 2137 1805 Huanlolde
2181 1767 2272 1819 (leg.

53 1830 332 1884 Hunnlosae),
374 1831 584 1885 wigislef,
626 1831 796 1879 walbu,
838 1846 1021 1872 mansum
1050 1847 1168 1872 unum
1198 1834 1428 1885 Brunsoge,
1467 1832 1738 1887 Imbrethorp,
1781 1837 2012 1874 mansiones
2042 1836 2091 1875 de
2121 1836 2275 1876 Gesne-

0 1938 4 1942 .
52 1901 150 1941 toste
199 1902 292 1955 (leg.
343 1902 605 1954 Gefnetofte)
657 1906 698 1942 et
743 1902 793 1942 de
842 1902 1037 1956 Murhoge
1088 1904 1144 1952 (ος
1187 1903 1398 1955 Mora-hae)
1448 1917 1537 1943 cum
1588 1904 1773 1944 omnibus
1823 1907 2074 1958 pertinentiis
2125 1920 2272 1954 earum,

51 1973 282 2012 mansiones
318 1972 367 2012 de
401 1972 648 2012 Barsuerthe
685 1977 726 2012 et
763 1973 812 2013 de
841 1973 1022 2026 VVigurm
1054 1976 1104 2023 (οε
1145 1974 1326 2025 Vierum)
1357 1987 1446 2013 cum
1476 1974 1660 2014 omnibus
1689 1976 1940 2029 pertinentiis
1970 1990 2122 2023 earum,
2164 1990 2271 2015 man-

3 2043 6 2049 ’
51 2043 188 2082 siones
224 2042 274 2082 de
309 2042 530 2096 Husfretop
567 2043 659 2095 (leg.
692 2043 942 2096 Husfrecop)
974 2048 1012 2082 et
1041 2044 1090 2083 de
1119 2043 1332 2091 Haverthi,
1369 2058 1456 2083 cum
1489 2045 1672 2084 omnibus
1699 2047 1951 2098 pertinentiis
1980 2060 2136 2093 earum,
2165 2060 2271 2085 man-

51 2114 187 2152 siones
224 2113 273 2152 de
302 2112 467 2166 Burgbu
502 2116 543 2152 et
578 2113 627 2151 de
656 2112 910 2166 Hjartharum
947 2114 1039 2166 (leg.
1068 2115 1362 2168 Assartlmrmn,
1405 2125 1440 2153 ο.
1469 2114 1650 2164 Naerum)
1690 2129 1778 2154 cum
1809 2115 1993 2155 omnibus
2021 2117 2270 2169 pertinentiis

50 2196 204 2231 earum,
245 2177 285 2223 et
311 2184 536 2223 universam
565 2187 718 2236 partem
755 2197 911 2231 earum,
949 2197 1033 2237 quae
1063 2184 1278 2237 acquisivit
1305 2183 1496 2223 Nicolaus
1519 2185 1761 2224 castellanus
1789 2186 1931 2236 [tuus],
1955 2187 2069 2239 jiuta
2093 2190 2269 2225 tenorem

46 2256 151 2307 pacti
181 2253 286 2308 quod
316 2255 416 2293 inter
446 2256 556 2302 [vos]
588 2255 819 2300 convenit'',
851 2267 934 2307 quae
965 2255 1094 2292 omnia
1123 2253 1303 2292 ecelesiae
1333 2253 1596 2294 Roskildensi
1627 2254 1841 2294 donaverat
1871 2269 1916 2294 ea
1946 2256 2195 2302 conditione,
2225 2260 2269 2294 ut

49 2325 199 2365 reditus
227 2324 278 2364 ad
306 2326 396 2364 vitae
427 2324 517 2363 dies
543 2323 752 2363 obtineret.
783 2346 833 2352 --
863 2324 1050 2372 Perusii,
1079 2323 1132 2362 X.
1162 2323 1235 2362 cal.
1267 2322 1477 2370 Octobris,
1505 2324 1676 2377 pontific.
1707 2337 1808 2363 anno
1838 2326 1979 2378 primo.

445 2395 562 2428 innoc.
589 2392 681 2427 Illtii
701 2405 773 2437 epp.
801 2395 852 2426 ed.
878 2394 995 2426 Baluz.
1021 2394 1049 2426 l.
1075 2393 1155 2425 221.

311 2457 440 2505 [466]
499 2455 756 2495 Imocnmn
787 2454 915 2505 (lllffi)
945 2469 1056 2508 papae
1087 2454 1257 2507 epistola
1286 2453 1337 2493 ad
1364 2453 1526 2493 Petrum
1557 2456 1790 2508 episcopum
1809 2455 2068 2496 Arusiensem
2098 2456 2147 2495 de
2176 2470 2266 2496 con·
2300 2457 2357 2494 26.
2393 2460 2524 2502 septbr.

51 2526 267 2567 firmatione
297 2528 436 2566 statuti
466 2526 713 2579 episcopalis
744 2525 807 2573 (ab
839 2525 1141 2578 archiepiscopo
1170 2524 1376 2563 Lundensi
1413 2524 1716 2576 commendati),
1759 2525 1808 2565 de
1847 2540 1918 2565 sex
1953 2526 2176 2579 praebendis
2205 2540 2266 2566 ca-

48 2598 204 2636 nonicis
232 2598 466 2650 assignatis.
499 2619 549 2624 —
583 2597 767 2644 Peruse‘i,
796 2595 866 2634 Vl.
898 2594 970 2634 eal.
1001 2594 1163 2634 Octobr.
1193 2594 1333 2648 pontif.
1363 2607 1464 2633 anno
1494 2596 1634 2647 primo.

447 2667 564 2700 Innoc.
591 2665 681 2699 111tii
702 2677 776 2709 epp.
803 2666 854 2697 cd.
880 2665 995 2698 Baluz.
1022 2665 1050 2698 Ι.
1075 2664 1155 2696 221.

311 2728 440 2777 [467.]
498 2728 756 2768 lxxocmwu
789 2725 914 2776 (lllffi)
953 2740 1064 2779 papae
1093 2726 1142 2764 ad
1173 2726 1341 2766 Olavum
1372 2726 1539 2765 electum
1569 2725 1851 2779 Upsaliensem
1881 2727 2024 2774 literae,
2060 2741 2149 2767 cum
2181 2730 2263 2780 qui·
2300 2740 2354 2775 26,
2391 2742 2522 2784 septbr.

47 2797 123 2838 bus
152 2799 188 2838 ei
218 2798 297 2838 “ad
326 2800 556 2838 instantiam
586 2821 635 2827 —
668 2798 818 2844 Tobiae,
848 2798 972 2836 nuntii
999 2818 1048 2823 —
1078 2796 1308 2835 Lundcnsis
1337 2795 1652 2848 archiepiscopi,
1683 2799 1722 2834 et
1749 2796 1943 2836 XValteri'’
1978 2798 2103 2836 nuntii
2140 2798 2264 2837 archi-

49 2870 226 2922 episcopi
266 2868 545 2921 Upsaliensis,
588 2869 751 2922 pallium
792 2868 1041 2914 transmittit,
1084 2880 1153 2919 per
1196 2877 1571 2905 ARCHIEPJSCOPUM
1614 2864 1880 2905 Lunnmvsmt
1925 2866 2168 2906 tradendum.
2214 2890 2262 2896 —-

46 2939 236 2988 Permii,
267 2938 334 2978 Vl.
360 2939 514 2979 calend.
544 2938 757 2985 Octobris,
786 2937 927 2990 pontif.
957 2951 1058 2976 anno
1087 2937 1226 2988 primo.

438 3010 554 3042 Innoc.
575 3006 664 3042 111tii
686 3019 757 3051 epp.
775 3008 825 3040 ed.
843 3007 955 3039 Baluz.
978 3007 1004 3041 Ι.
1027 3005 1197 3038 221—22.
1246 3004 1420 3046 Liljegren
1434 3003 1657 3048 Diplomatar.
1672 3005 1858 3039 Svecan.1.
1872 3016 1927 3039 n0.
1946 3005 2021 3040 106.
2043 3019 2074 3050 p.
2092 3006 2261 3041 129—30.

307 3070 437 3119 [468]
494 3069 748 3110 ΙΝΝοοΕΝτιι
781 3067 908 3118 (ΙΙΙῑῐῑ)
936 3082 1046 3121 papae
1076 3067 1124 3106 ad
1154 3080 1285 3118 regem
1314 3066 1447 3105 Daciae
1477 3066 1668 3119 epistola,
1712 3067 1761 3106 de
1798 3069 2092 3120 compescendo
2122 3069 2263 3118 Suero,
2299 3074 2333 3108 6.
2367 3075 2482 3111 Octbr.

27 3144 209 3193 *tyranno
237 3140 468 3193 Norvegiae,
498 3141 580 3178 “ita
611 3139 715 3193 quod
745 3138 960 3178 membrum
992 3136 1087 3176 illud
1117 3135 1263 3176 diaboli
1300 3150 1376 3174 non
1404 3137 1539 3189 possit
1568 3137 1607 3175 in
1636 3150 1755 3189 regno
1784 3136 1991 3190 'Norvegiae
2029 3138 2159 3179 denuo
2198 3140 2262 3180 de-

44 3209 227 3251 bacchari
255 3214 324 3250 aut
350 3211 670 3263 persecutionem
703 3210 741 3248 in
772 3208 957 3248 ecclesiis
994 3206 1158 3246 ulterius
1187 3205 1423 3245 suscitare''.
1454 3228 1503 3235 —
1549 3205 1676 3259 Apud
1711 3208 1923 3248 civitatem
1957 3205 2260 3259 castellanam,

0 3314 5 3319 .
63 3279 93 3320 1.
122 3295 247 3321 nonas
276 3279 486 3328 Octobris,
514 3279 655 3333 pontis.
685 3280 787 3319 anno
815 3279 956 3332 primo.
