2649 3686
694 130 851 180 Kosa
885 131 1040 181 Kxun
1079 131 1238 198 (Vl.)
1275 131 1674 181 VALDEMARSEN.
2234 136 2300 186 63

1020 303 1365 355 1191-1198.
2330 305 2552 346 1191-98.

340 384 469 434 [392]
530 383 764 425 Camsmm
810 383 938 439 (nlffi)
982 402 1093 441 papae
1137 389 1258 428 literoe
1294 388 1564 440 protector-irc,
1610 385 1711 426 datae
1751 385 1883 426 abbati
1922 390 1962 426 et
2000 387 2208 426 conventui
2250 387 2298 425 ‹Ie

77 456 186 497 Loco
217 456 292 496 Dei
322 469 392 508 pro
422 456 609 509 personis
638 459 677 494 et
707 456 890 495 omnibus
919 456 1036 497 lionis
1065 472 1213 498 eorum.
1244 480 1293 486 —
1325 458 1422 497 Sine
1450 472 1566 497 anno,

470 525 660 567 Langebek
686 525 825 570 Scriptt.
850 528 946 560 VIII.
976 528 1052 561 189.
1102 529 1177 562 Csr.
1203 528 1308 562 suhm
1334 528 1425 561 nist.
1452 528 1494 561 af
1513 528 1663 562 Danmk.
1690 527 1789 561 VIII.
1814 527 1895 561 4:38.
1921 526 2001 560 709.

1010 628 1349 679 1191—1201.
2311 638 2557 678 1191-1201.

331 707 460 757 [393]
519 706 664 747 Ommu
697 709 878 763 episcopi
909 710 1104 764 Ripensis
1128 713 1263 758 literae,
1296 711 1440 765 quibus
1469 713 1712 751 monasterio
1741 710 1842 750 Loci
1874 710 1950 750 Dei
1980 709 2083 750 bona
2113 714 2154 750 et
2181 709 2299 750 bene-

66 780 175 827 ficia,
207 792 291 833 quae
325 779 433 818 (licto
463 779 706 817 monasterio
736 779 796 817 vel
821 780 1141 833 praedecessores
1165 783 1255 834 ejus
1279 782 1339 821 vel
1367 783 1455 834 ipse
1478 782 1736 829 contulerant,
1766 782 1981 821 confirmat.
1998 803 2049 809 —
2068 779 2163 820 Sine
2180 794 2295 819 anno.

467 848 658 890 Langebek
683 849 823 892 Scriptt.
849 851 947 882 vlu.
977 850 1146 884 193—91.
1195 852 1270 885 cfr.
1297 851 1402 885 Sulim
1429 851 1519 897 nist.
1546 853 1587 885 af
1607 853 1753 885 Dannik.
1780 853 1843 886 IX.
1869 852 1927 885 52.

336 910 464 959 [394]
523 910 770 950 ABSALoms
800 911 1091 965 archiepiscopi
1121 913 1352 952 Lnndensis
1381 913 1523 961 literae,
1567 913 1713 967 quibus
1740 913 1923 966 Wagefio
1953 912 2088 953 abbati
2120 915 2158 953 in
2187 913 2300 953 Loco

10 987 14 991 '
75 981 151 1021 Dei
184 985 224 1021 et
253 981 560 1021 successorihus
591 982 681 1034 ejus
711 982 842 1020 omnia
871 981 976 1020 bona
1006 986 1045 1021 ct
1072 983 1262 1022 beneficia
1288 985 1529 1023 monasterio
1560 983 1659 1024 Loci
1688 984 1764 1024 Dei
1795 984 1844 1023 ab
1875 985 2082 1037 episcopis
2111 984 2301 1037 Ripensi-

71 1050 150 1091 bus
179 1051 324 1090 collata
353 1051 575 1099 confirmat,
619 1053 986 1105 monasteriumque
1023 1054 1153 1104 ipsum
1184 1057 1224 1092 et
1262 1067 1402 1092 omnes
1431 1054 1468 1092 ei
1498 1055 1713 1094 attinentes
1742 1056 2034 1108 possessiones
2064 1054 2139 1094 sub
2169 1058 2299 1106 patro-

72 1122 175 1160 cinio
205 1120 244 1161 h.
274 1121 383 1161 Petri
413 1125 454 1161 et
483 1121 596 1161 sedis
625 1122 857 1174 apostolicae
887 1124 1071 1175 suscipit.
1102 1145 1150 1151 —
1183 1123 1279 1162 Sine
1309 1137 1425 1163 anno.

465 1192 656 1234 Langebek
680 1191 822 1236 Scriptt.
847 1192 946 1225 VIII.
975 1192 1142 1225 191-95.
1191 1194 1266 1226 Cfr.
1293 1194 1399 1227 Sulnn
1426 1193 1516 1228 nist.
1543 1193 1584 1227 af
1602 1195 1752 1228 Danmk.
1777 1195 1842 1228 IX.
1867 1193 2016 1228 52—53.

1106 1292 1250 1344 1192.
2365 1297 2483 1337 1192.

335 1374 464 1424 [395]
522 1375 669 1416 Literae
698 1375 926 1415 WViuffinmr
958 1374 1115 1416 abbatis
1144 1377 1194 1416 ad
1222 1390 1388 1430 papam,
1417 1381 1461 1417 ut
1486 1379 1719 1435 episcopum
1748 1377 2082 1425 Roskildensem*2
2112 1376 2295 1424 Petrum,

71 1445 121 1484 ad
148 1447 184 1485 ei
215 1443 534 1485 subveniendum
564 1446 737 1486 inducat.
763 1468 813 1475 ——
845 1446 942 1485 Sine
972 1460 1086 1485 anno.

464 1517 654 1558 Langebek
679 1516 822 1560 Scriptt.
847 1517 910 1550 VI.
934 1516 1082 1549 57-58.
1132 1517 1206 1549 Cfr.
1233 1517 1338 1550 Sulim
1365 1517 1455 1550 nist.
1480 1517 1520 1550 af
1539 1518 1686 1550 Danmk.
1712 1518 1809 1551 VIII.
1835 1517 1916 1550 268.

319 1577 463 1627 .[396.]
521 1578 666 1618 Literae
694 1579 928 1618 IVrLLEmu
954 1577 1114 1618 abbatis
1137 1579 1187 1618 ad
1210 1578 1372 1618 Petrum
1397 1579 1646 1633 (episcopum
1662 1579 1992 1627 Roskildensem)
2016 1592 2086 1632 pro
2112 1578 2294 1618 familiari

71 1647 254 1701 quodam.
285 1670 333 1676 —
366 1648 463 1687 Sine
493 1662 610 1688 anno.

463 1719 651 1761 Langebek
676 1718 817 1762 Scriptt.
842 1718 906 1751 VI.
929 1717 987 1750 62.
1037 1718 1109 1751 Cfr.
1136 1718 1240 1751 Suhm
1262 1718 1353 1752 Hist.
1382 1719 1422 1751 af
1442 1718 1591 1752 Danmk.
1617 1719 1715 1752 VIII.
1739 1718 1821 1752 269.

333 1779 463 1830 [397]
520 1780 664 1820 Literoe
695 1781 914 1820 moultoriae
942 1780 1174 1820 Wummn
1206 1779 1363 1819 abbatis
1388 1780 1438 1819 ad
1463 1779 1676 1820 Iohannem
1706 1779 1958 1820 monachum.
1985 1802 2036 1809 ——
2063 1780 2159 1820 Sine
2176 1794 2291 1821 anno.

464 1851 656 1892 Langebek
681 1851 822 1895 Scriptt.
846 1851 908 1884 VI.
935 1850 1084 1882 74-75,
1136 1850 1210 1882 Cfr.
1237 1850 1341 1883 Sulnn
1368 1850 1463 1883 Hist.
1490 1850 1528 1882 af
1548 1851 1695 1886 Danink.
1720 1851 1818 1883 VIII.
1845 1849 1925 1885 269.

330 1911 460 1962 [398]
519 1912 663 1952 Literae
692 1914 924 1954 IVlnnuLm
962 1911 1120 1952 abbatis
1149 1911 1199 1950 ad
1227 1926 1372 1966 papam
1403 1912 1453 1951 de
1482 1912 1550 1961 lite
1582 1912 1749 1965 quadam
1781 1913 1881 1951 inter
1910 1912 2128 1952 monachos
2158 1914 2293 1966 nigros

69 1988 109 2023 et
137 1984 307 2036 griseos.
342 2004 389 2011 —
421 1984 518 2022 Sine
548 1997 664 2022 anno.

463 2054 653 2095 Langebek
676 2053 818 2096 Scriptt.
842 2053 905 2086 VI.
929 2051 985 2084 60.
1033 2051 1109 2085 Cfr.
1135 2051 1240 2084 Suhm
1265 2051 1355 2084 Hist.
1382 2051 1422 2083 af
1442 2051 1591 2083 Danmk.
1617 2051 1718 2083 VIII.
1743 2051 1914 2087 287—88.

333 2114 462 2164 [399]
519 2114 667 2154 Literae
699 2115 923 2154 &Vinfflnmr
954 2113 1111 2153 abbatis
1139 2113 1190 2152 ad
1218 2126 1383 2166 papam,
1427 2116 1563 2151 contra
1593 2114 1728 2165 nigros
1764 2113 2004 2161 monachos,
2047 2114 2204 2166 griseos
2234 2115 2292 2152 in·

66 2187 221 2238 juriose
252 2185 507 2225 invadente&
529 2207 579 2214 —
612 2185 708 2224 Sine
738 2199 854 2224 anno.

278 2256 281 2260 ’
463 2256 653 2297 Langebek
678 2256 821 2299 scriptt.
846 2255 910 2288 VI.
935 2253 994 2287 61.
1043 2253 1118 2286 cfr.
1144 2252 1248 2285 Suhm
1274 2251 1365 2285 nist.
1392 2252 1432 2284 af
1453 2251 1602 2284 Danmk.
1627 2251 1727 2285 VIII.
1752 2251 1925 2286 287-88.

332 2316 462 2366 [400.]
517 2317 664 2357 Literae
693 2318 921 2359 waram
953 2315 1110 2354 abbatis
1139 2314 1189 2353 ad
1219 2313 1496 2362 Ce(lestinum)
1534 2327 1698 2366 papam,
1741 2313 1792 2353 de
1830 2315 1899 2354 lite
1936 2316 2038 2354 inter
2072 2313 2291 2353 monachos

70 2389 203 2441 nigros
232 2387 412 2428 ecelesiae
445 2388 489 2427 S.
517 2387 732 2427 Michaelis
762 2391 802 2426 et
830 2385 1050 2426 monachos
1080 2384 1205 2423 albos.
1238 2405 1287 2412 —
1318 2383 1415 2422 Sine
1446 2396 1561 2421 anno.

462 2457 697 2501 Pontoppidan
721 2457 858 2491 Annall.
885 2456 1008 2489 eccles.
1033 2457 1120 2487 Dan.
1146 2454 1172 2489 1.
1197 2452 1276 2490 482,
1324 2453 1512 2493 Langebek
1537 2452 1676 2496 Scriptt.
1700 2454 1763 2487 VI.
1787 2453 1845 2487 36.
1901 2454 1975 2487 cfr.
2002 2454 2110 2487 Suhm
2134 2453 2226 2486 nist.
2252 2455 2292 2487 af

463 2520 613 2552 Danmk.
639 2521 737 2553 VIII.
762 2521 843 2553 288.

331 2580 460 2630 [401.]
517 2581 794 2633 Fragmentum
836 2580 1040 2620 sententiae
1070 2576 1266 2622 Horfflm,
1310 2575 1492 2627 episcopi
1528 2575 1745 2628 Ripensis,
1784 2579 1824 2615 et
1860 2575 2089 2617 IVinmLm
2128 2575 2286 2616 abbatis

69 2650 118 2690 de
155 2649 374 2698 Paraclito‚
416 2652 455 2690 in
499 2650 568 2690 lite
614 2651 785 2704 quadam
830 2652 930 2690 inter
973 2646 1190 2688 monachos
1233 2645 1281 2684 de
1325 2644 1538 2684 Guldholm
1583 2649 1623 2684 et
1667 2646 1757 2685 illos
1801 2645 1850 2685 de
1895 2646 2043 2686 Sancto
2086 2646 2286 2686 MIchaele

70 2723 166 2760 orta.
196 2743 249 2749 -
279 2721 376 2760 Sine
405 2734 521 2760 anno.

463 2790 651 2833 Langebek
677 2790 816 2833 Scriptt.
842 2790 906 2822 VI.
930 2788 988 2822 35.
1036 2787 1109 2820 Cfr.
1136 2785 1240 2818 Suhm
1265 2784 1355 2816 nist.
1382 2784 1424 2816 af
1443 2785 1594 2817 Danmk.
1619 2785 1717 2819 VIII.
1743 2786 1823 2819 288.

1100 2885 1245 2935 1193,
2354 2898 2470 2938 1193.

331 2972 460 3022 [402]
519 2973 691 3013 CAivv‘ri
731 2974 838 3025 regis
872 2972 1013 3018 Iiteroe,
1056 2970 1093 3008 in
1130 2966 1407 3019 compendium
1444 2965 1634 3014 redactae,
1679 2967 1823 3020 quibus
1851 2968 2053 3008 confirmat
2080 2969 2285 3023 privilegia
2310 2981 2366 3018 22,
2401 2983 2543 3016 Januar.

32 3043 33 3047 ’
70 3046 110 3082 et
135 3041 260 3090 bona,
288 3031 497 3082 monachis
526 3040 583 3082 Su*
612 3042 753 3081 Canuti
784 3040 1089 3081 Othiniensibus
1120 3037 1247 3077 oblata
1279 3050 1301 3076 a
1330 3050 1422 3088 rege
1449 3035 1569 3076 Erico
1598 3036 1734 3085 Bono,
1764 3038 1819 3077 ita
1842 3041 1971 3078 tamen
2003 3043 2047 3079 ut
2076 3040 2283 3093 privilegia

69 3111 437 3163 sanctimonialibus
482 3112 531 3152 de
576 3112 686 3164 Burg
721 3126 744 3151 a
779 3111 1034 3150 XValdemaro
1072 3121 1163 3160 rege
1209 3119 1424 3153 concessa,
1471 3110 1578 3146 sarta
1617 3109 1722 3146 tecta
1760 3112 1957 3148 maneant-
1994 3132 2049 3140 —
2093 3108 2281 3164 Nyburq,

69 3180 140 3221 XI.
169 3181 242 3222 cal.
270 3181 384 3222 Febr.
415 3183 453 3222 in
483 3182 547 3221 die
570 3182 698 3221 sancti
727 3181 926 3221 Vincentii
956 3178 1150 3230 martyris.

461 3250 649 3283 ThorkeIin
677 3250 905 3293 Diplomatar.
944 3249 1179 3288 Arna-Magn.
1215 3245 1241 3280 1.
1267 3256 1298 3290 p.
1326 3245 1405 3280 285.
1470 3246 1544 3282 crr.
1578 3246 1765 3290 Langebek
1797 3247 1938 3292 Scriptt.
1970 3249 2000 3283 1.
2034 3249 2113 3284 283.
2158 3250 2279 3285 'Sulim

459 3311 547 3346 nist.
574 3312 614 3345 af
632 3312 784 3345 Danmk.
809 3311 908 3346 VIII.
934 3308 1106 3343 293-94.
