2649 3686
739 120 895 170 Koxo
933 122 1225 172 VALDEMAR
1260 140 1356 173 DEN
1390 122 1593 173 Axnnx.
2186 129 2282 178 103

65 296 198 333 contra
227 305 359 344 regern
388 291 522 331 Daciae
558 296 720 345 propter
747 297 901 346 portum
943 293 1205 335 Traueminne
1234 309 1256 335 a
1286 310 1379 349 rege
1419 295 1647 336 obstrusum
1683 297 1937 343 constitutis,
1968 298 2193 350 injungant,
2237 313 2284 339 ne
2356 303 2471 344 1235.

65 363 228 403 ulterius
257 361 402 425 inxhac
430 375 553 402 causa
582 361 811 414 procedant.
839 386 894 392 -
921 364 1114 412 Perusie‘,
1142 365 1212 405 Vl.
1243 366 1296 406 id.
1324 367 1477 414 Martii,
1506 367 1647 420 pontif.
1677 380 1779 406 anno
1810 372 1962 406 octavo.
2308 370 2358 404 10.
2384 375 2512 407 Martii.

458 432 648 465 Michelsen
674 433 995 468 Urkundonsamml.
1019 436 1046 468 Ι.
1071 436 1128 468 36.

128 544 137 549 ,
323 491 443 545 [765.]
502 493 721 534 Gnnconu
759 494 887 546 (Ian)
926 510 1037 549 papae
1075 497 1216 545 literae,
1267 497 1412 552 quihus
1448 499 1641 553 episcopo
1679 499 1970 553 Ratisponensi
2009 503 2196 554 injungit,
2239 508 2281 542 ut
2310 505 2339 540 Ι.
2365 510 2519 551 Augusti.

61 563 273 603 Henricum
308 565 457 616 (regem
495 562 756 613 Germaniae),
797 566 1062 606 anathematis
1106 568 1274 607 vinculis
1312 569 1526 616 irretitum,
1571 583 1618 608 ex
1655 583 1848 609 canonum
1875 572 2106 624 praescripto
2133 573 2282 620 solvat,

62 633 299 673 “sufficienti
329 632 379 672 ab
409 646 458 673 eo
490 634 603 686 prius
632 636 816 674 cautione
845 640 1017 689 recepta,
1049 637 1154 689 quod
1185 637 1377 678 militibus
1406 638 1548 686 Danis,
1578 638 1627 678 ab
1657 639 1851 693 obsequio
1882 641 2071 681 Romana:
2101 642 2281 681 ccclesiae

60 703 316 743 redeuntibus
346 733 356 742 .
373 732 409 742 ..
427 732 459 750 .,
490 716 593 756 quos
623 703 718 743 fecit
745 704 863 744 bonis
892 708 979 745 suis
1011 736 1020 745 .
1038 736 1047 745 .
1065 736 1074 746 .
1093 736 1102 745 .
1133 708 1319 761 spoliari,
1348 709 1573 748 satisfaciat
1601 711 1908 763 competenter''.
1927 733 1977 739 —
1994 712 2177 761 Perusiz',
2209 713 2280 752 cal.

0 783 4 789 ’
58 773 252 826 Augusti,
283 773 440 827 (pontif.
470 787 573 812 anno
603 773 707 822 IX.).
1441 818 1449 833 ·

454 843 622 887 Raynald.
652 844 788 878 Contin.
815 847 940 878 Baron.
966 847 1006 879 ad
1032 857 1110 880 ann.
1140 847 1237 880 1235.
1264 848 1310 880 X.
1336 849 1433 881 Tom.
1459 848 1506 882 11.
1531 860 1563 893 p.
1594 849 1669 882 121.

318 905 447 955 [766]
508 905 725 945 Gai-:nonu
762 905 894 957 (lxui)
931 922 1043 961 papae
1080 909 1130 948 ad
1160 908 1498 964 arehiepiscopum
1529 911 1784 952 Lundensem
1821 914 1963 961 literae,
2006 928 2095 954 cum
2125 914 2274 968 quibus
2303 916 2356 951 1⁷·
2394 919 2514 953 Decbr.

59 975 143 1028 (per
183 977 343 1016 nuntios
386 974 675 1029 archiepiscopi
727 975 802 1015 Th.
852 981 892 1016 et
942 978 1137 1017 Andream
1191 982 1402 1020 canonicos
1454 980 1712 1034 Lundenses)
1763 984 1925 1037 pallium
1977 986 2280 1040 archiepiscopo

58 1044 274 1098 Upsalensi
304 1045 536 1087 tradendum
568 1047 602 1085 ei
633 1048 762 1086 mittit.
790 1070 843 1075 —
882 1047 1079 1097 Viterbii,
1111 1048 1224 1088 XVI.
1255 1050 1404 1090 calend.
1434 1051 1591 1092 Januar.
1622 1054 1760 1105 pontif.
1792 1068 1895 1093 anno
1925 1054 2002 1096 lX.

450 1116 627 1158 LiIJegren
650 1116 877 1160 Diplomatar.
899 1120 1042 1151 Svecan.
1071 1119 1096 1152 Ι.
1117 1130 1172 1152 no.
1197 1119 1276 1153 292.
1301 1131 1331 1164 p.
1356 1120 1528 1156 285—86.
1575 1123 1738 1157 Suhmius
1766 1124 1830 1157 has
1855 1124 1976 1159 literas
2003 1126 2046 1159 ad
2070 1137 2148 1161 ann.
2179 1127 2279 1161 1236.

455 1179 564 1212 refert
588 1178 700 1223 (nist.
725 1179 763 1212 af
785 1179 935 1212 Danmk.
959 1180 1022 1213 lx.
1047 1179 1148 1224 668).

1094 1301 1240 1352 1236.
1789 1357 1792 1363 ,
2346 1322 2462 1364 1236.

317 1395 448 1446 [767]
508 1395 716 1435 Ganaonn
753 1394 884 1449 (lXuf)
921 1411 1034 1451 papae
1070 1399 1120 1438 ad
1161 1399 1412 1439 Guilielmum
1450 1401 1683 1454 episcopum
1720 1403 1812 1442 olim
1841 1403 2107 1444 Mutinensem
2137 1405 2277 1456 literae,
2307 1406 2360 1440 10·
2393 1407 2535 1451 Aprilis.

53 1466 241 1520 jubentes
271 1466 565 1507 dissensionem
596 1467 696 1505 inter
726 1467 862 1507 Daniae
893 1482 1021 1520 regem
1051 1472 1090 1508 et
1119 1470 1274 1522 equites
1305 1469 1548 1510 Teutonicos
1579 1471 1626 1510 de
1651 1486 1739 1512 arce
1755 1472 1929 1512 Reualiae
1955 1477 2090 1526 (quam
2113 1477 2279 1528 primum

57 1551 124 1577 rex
152 1537 290 1577 Daniae
319 1541 632 1591 expugnaverat,
678 1537 820 1577 deinde
850 1551 871 1577 a
901 1540 1066 1591 paganis
1097 1540 1235 1578 iterum
1266 1539 1471 1580 subactam
1502 1542 1656 1594 equites
1687 1541 1891 1582 Teutonici
1921 1558 2055 1583 eorum
2091 1549 2278 1599 potestati

57 1609 293 1662 eripuerant)
329 1610 382 1648 ita
419 1608 618 1654 dirimere,
659 1613 704 1647 ut
739 1622 807 1647 rex
843 1622 972 1648 arcem
1008 1612 1156 1655 teneat,
1200 1623 1400 1663 expensas
1438 1625 1530 1650 vero
1571 1611 1693 1650 ordini
1734 1611 1954 1655 Teutonico
1991 1615 2185 1656 refundat.
2225 1640 2279 1647 —

66 1678 261 1727 Viterbii,
291 1678 360 1718 IV.
390 1678 441 1718 id.
472 1679 631 1732 aprilis,
661 1679 799 1731 pontif.
830 1692 931 1717 anno
964 1679 1012 1718 X.

452 1748 613 1782 Vastovii
639 1748 723 1782 vitis
749 1748 896 1793 aquilon.
921 1760 953 1793 p.
982 1749 1150 1783 175—76.
1207 1750 1340 1785 Grnber
1365 1751 1462 1793 Orig.
1493 1751 1615 1785 Livon.
1652 1763 1685 1796 p.
1722 1752 1802 1787 273.
1865 1755 1940 1788 Cfr.
1975 1755 2080 1789 Suhm
2111 1756 2204 1791 Hist.
2238 1760 2278 1792 af

451 1811 600 1843 Danmk.
625 1811 688 1844 lx.
713 1810 794 1844 666.
821 1810 902 1843 676.

316 1872 445 1922 [768.]
504 1872 777 1913 WALnEMAm
807 1872 1009 1913 Danorum
1039 1874 1329 1927 Slavorumque
1358 1875 1462 1926 regis
1492 1875 1682 1927 diploma,
1712 1890 1791 1930 quo
1819 1879 2128 1930 possessiones,
2172 1895 2274 1934 quas
2309 1883 2366 1917 28.
2403 1884 2498 1925 mii-

56 1943 196 1984 sratres
237 1944 466 1983 monasterii
513 1942 766 1983 Vitaescholae
812 1948 861 1983 “a
903 1947 1077 1997 tempore
1117 1945 1311 1996 generalis
1356 1945 1532 1984 concilii''
1568 1946 1670 1984 nacti
1713 1952 1842 1994 erant,
1887 1949 1937 1989 iis
1973 1950 2186 1990 confirmat.
2224 1974 2273 1982 -

59 2014 226 2056 Samii.
255 2015 306 2064 V,
340 2014 491 2054 calend.
519 2014 640 2053 Junii.

451 2085 540 2117 Diin.
565 2083 728 2117 Biblioth.
753 2084 817 2119 Vl.
848 2083 925 2117 156.

319 2146 449 2196 [769.]
508 2146 650 2186 Literae
676 2146 955 2186 {Varnenum
985 2147 1088 2198 regis
1118 2146 1166 2186 ad
1193 2145 1436 2186 habitatores
1468 2146 1753 2200 Harthaesysael
1786 2147 1835 2188 de
1866 2149 2063 2190 solutione
2099 2151 2273 2192 denario·

56 2231 140 2258 rum
168 2217 343 2264 illorum,
373 2218 469 2270 “qui
499 2217 549 2257 de
578 2217 719 2257 aratris
750 2216 940 2256 debentur
969 2231 1039 2270 pro
1069 2216 1261 2263 fabrica”‚
1304 2215 1354 2256 ab
1383 2216 1587 2264 omnibus,
1626 2222 1665 2258 et
1703 2218 1816 2258 laicis
1847 2224 1886 2259 et
1915 2220 2067 2260 clericis
2097 2227 2137 2261 et
2166 2223 2272 2262 clau-

61 2287 270 2336 stralibus,
300 2287 537 2342 praestanda.

451 2358 556 2391 Suhm
581 2357 672 2391 Hist.
699 2358 741 2391 af
759 2358 907 2390 Danmk.
933 2357 995 2390 lx.
1021 2355 1099 2388 772.
1126 2355 1188 2389 cfr.
1212 2355 1292 2389 661.

318 2419 438 2471 [770.]
497 2421 722 2467 GUNNfflu,
753 2420 931 2473 episcopi
957 2418 1167 2470 Ripensis,
1209 2417 1455 2470 privilegium
1485 2419 1685 2458 canonicis
1713 2418 1965 2472 Ripensibus
1995 2420 2148 2469 datum,
2192 2437 2271 2476 quo

57 2503 191 2530 omnes
220 2489 373 2530 villicos
402 2494 441 2530 et
470 2491 636 2530 colonos
667 2504 815 2538 eorum,
845 2490 882 2528 in
913 2490 1070 2528 civitate
1100 2487 1161 2527 vel
1190 2491 1299 2527 extra
1328 2488 1525 2527 civitatem
1555 2488 1790 2536 habitantes,
1820 2490 1870 2529 ab
1901 2491 2142 2544 impetitione
2167 2494 2271 2546 juris

56 2561 232 2614 episcopi
273 2573 344 2614 pro
389 2562 528 2600 causis
558 2560 821 2613 Haelaegbroth
864 2564 903 2598 et
946 2558 1156 2597 violatione
1199 2558 1350 2598 dierum
1393 2557 1584 2598 festorum
1620 2558 1766 2600 liberos
1803 2573 1896 2600 esse
1933 2562 2132 2609 concedit,
2178 2564 2270 2603 nulli

56 2631 133 2671 nisi
159 2630 327 2671 dominis
356 2632 443 2670 suis
474 2630 522 2670 de
551 2630 616 2671 his
647 2633 781 2671 causis
812 2642 1088 2683 responsuros.
1117 2650 1171 2656 -
1198 2627 1333 2680 Ripz‘s.

452 2702 631 2745 Terpager
653 2702 751 2746 Ripae
777 2701 903 2735 Cimbr.
928 2711 960 2744 p.
989 2699 1064 2731 178.

1087 2794 1232 2844 1237.
1535 2817 1537 2820 ·
2346 2811 2462 2852 1237.

317 2896 437 2947 [771]
496 2894 837 2935 “Wunssmnus
869 2893 1106 2933 secusne&
1136 2906 1202 2932 rex
1231 2891 1430 2931 confirmat
1458 2891 1679 2944 privilegia,
1729 2891 1913 2933 fratribus
1950 2893 2265 2937 Esromensibus
2292 2895 2345 2928 14·
2378 2896 2507 2929 Martii.

56 2979 80 3005 a
106 2965 266 3018 regibus
294 2966 547 3006 waldemaro
578 2964 642 3014 (Ι.)
671 2970 710 3004 et
737 2964 897 3004 Kanuto
928 2962 1029 3012 (VI.)
1060 2975 1266 3002 concessa.
1296 2982 1347 2989 —
1377 2961 1602 3010 Roslcildis,
1632 2962 1731 3014 prid.
1761 2963 1812 3001 id.
1840 2962 1981 3003 Martii.

451 3035 639 3068 Thorkelin
664 3035 755 3079 Dipl.
780 3036 1018 3075 Arna-Magn.
1044 3034 1070 3065 I.
1090 3043 1122 3075 p.
1148 3032 1223 3065 127.
1271 3032 1459 3074 Langebek
1472 3031 1611 3074 Scriptt.
1632 3032 1695 3065 lx.
1767 3057 1776 3065 .
1803 3033 2033 3068 Cod.Esrom.
2055 3036 2116 3069 fol.
2138 3036 2266 3070 XLVI.

317 3097 448 3146 [772]
508 3097 711 3137 Guxmmu
744 3096 922 3149 episcopi
951 3094 1140 3147 Ripensis
1169 3095 1433 3133 testimonium
1463 3093 1512 3133 de
1540 3093 1675 3133 Ketilli
1698 3094 1812 3133 Arth.
1836 3098 2054 3136 scotatione
2076 3097 2268 3139 bonorum
2297 3115 2348 3148 Η,
2386 3115 2527 3158 Aprffis·

59 3178 220 3208 suorum
247 3169 285 3208 in
315 3167 451 3207 Saethe
479 3166 612 3207 marck
641 3172 681 3208 et
703 3165 987 3219 Lythersholm
1015 3163 1159 3210 marck,
1188 3162 1395 3204 monachis
1412 3163 1460 3204 de
1481 3162 1668 3216 Laghum
1695 3163 1809 3206 sacta.
1832 3189 1886 3195 —
1917 3167 2047 3221 Apud
2065 3168 2268 3222 Loqhum,

59 3233 208 3277 XVIII.
239 3238 389 3278 calend.
419 3236 531 3289 Maji.

451 3308 641 3351 Langcbek
665 3305 805 3350 Scriptt.
831 3306 894 3342 lx.
919 3305 997 3340 221.
