2649 3686
854 148 1009 198 Koxo
1042 149 1174 199 Ean(
1207 135 1443 199 Msssswnn.
2175 156 2270 206 191

324 314 483 364 [1562]
539 315 776 365 JOHANNAE,
806 320 930 360 viduae
961 321 1186 362 Gudmundi
1215 323 1350 371 Litlae,
1388 323 1507 363 literae
1537 322 1765 362 donationis
1795 323 1843 363 de
1873 324 1963 363 villa
1991 323 2200 365 Krumholt
2234 328 2272 366 in
2344 331 2459 373 1301,

63 382 344 425 Ftostehereth
373 385 409 424 in
439 386 629 439 parochia
659 387 855 429 Hardliise
885 392 935 430 ad
964 393 1174 445 capitulum
1206 394 1385 433 ecclesiae
1409 392 1652 433 Lundensis.
1674 416 1728 422 -—
1749 393 1926 443 Laudis,
1956 395 2029 433 cal.
2052 395 2167 435 Febr.
2182 396 2270 436 ΧΠ.
2295 397 2350 432 21·
2374 402 2514 436 danum·-

454 455 631 496 Liijegren
658 457 882 501 Diplomatar.
909 464 1045 495 Svecan.
1073 464 1115 496 11.
1141 473 1195 496 no.
1225 463 1323 496 1:335.
1350 475 1381 507 p.
1407 463 1578 496 336—37.

322 515 479 565 [1563]
537 516 681 558 Literae
719 522 822 571 regis
857 522 1004 570 Emer,
1050 524 1193 577 quibus
1231 525 1423 572 declarat,
1467 524 1715 564 Thordonem
1754 523 1952 564 Thurison
1995 540 2133 566 omnes
2176 542 2273 568 suas
2307 533 2363 566 25.
2395 535 2493 570 Febr.

61 590 185 626 terras
214 588 255 625 et
284 586 424 626 silvam
455 588 670 640 quandam,
716 590 750 628 in
781 591 1100 646 Ladhinghmark
1130 596 1251 642 sitas,
1281 594 1399 634 Petro
1429 595 1616 642 diacono,
1647 595 1796 634 notario
1827 597 1952 648 regis,
1991 598 2147 637 nomine
2175 597 2271 638 Bro-

63 655 164 696 theri
193 655 347 696 diaconi
376 661 576 697 scotasse.
606 681 660 688 —-
697 660 922 715 JVe'berffl's,
961 665 997 702 in
1028 666 1197 704 crastino
1227 665 1333 705 beati
1361 665 1538 705 Matthiae
1568 665 1751 718 apostoli.

452 728 639 770 Lange—bel<
665 731 804 774 Scriptt.
830 734 894 766 VI.
919 735 1090 766 ›117—18.

323 788 473 839 [1564]
530 789 773 838 errnrn,
804 807 836 832 s.
867 794 1001 834 Mariae
1033 798 1068 834 in
1098 800 1213 849 portu
1242 797 1393 836 diaconi
1424 796 1657 844 cardinalis,
1694 797 1836 844 literae,
1873 796 2018 850 quibus
2055 797 2268 838 ahbatissae
2304 803 2337 836 4.
2362 804 2503 848 Aprilis.

59 860 100 896 et
127 859 336 909 conventui
366 861 592 898 monasterii
623 862 926 911 Roskildensis‚
958 866 1105 905 ordinis
1135 871 1279 906 sanctae
1310 867 1450 914 Clam,
1489 868 1702 919 significat,
1733 867 1837 920 quod
1867 868 2032 906 dominae
2063 867 2270 920 lnge-burgi

3 934 12 938 “
61 927 204 978 reginae
243 927 376 968 Daciae
412 929 638 970 facultatem
673 936 918 974 concesserit
955 937 1148 975 “intrandi
1186 937 1308 976 tribus
1345 937 1499 976 vicibus
1536 938 1573 976 in
1611 951 1711 976 anno
1748 938 1844 976 intra
1880 937 2100 976 clausuram
2139 939 2269 977 intrin-

59 1009 191 1036 secam
222 1000 448 1039 monasterii
478 1015 567 1040 cum
595 1001 732 1042 decem
762 1004 944 1044 honestis
970 1006 1222 1046 mulieribus'
1225 1036 1235 1045 .
1263 1028 1312 1036 —
1337 1007 1559 1056 Laterani,
1589 1006 1638 1046 11.
1669 1020 1794 1047 nonas
1824 1007 1990 1059 Aprilis,
2019 1009 2270 1085 pontificatus

58 1065 255 1107 Bonifacii
284 1066 411 1108 vlllvi
439 1083 541 1110 anno
571 1071 656 1111 V.11

449 1141 635 1182 Langebek
661 1143 798 1186 Scriptt.
823 1145 885 1177 VI.
911 1145 990 1178 355.

319 1201 464 1253 [1565]
521 1202 681 1243 Enicas
712 1220 777 1244 rex
809 1207 1017 1245 conventui
1048 1208 1084 1246 in
1115 1207 1259 1247 Esrom
1289 1208 1447 1248 liberam
1478 1208 1660 1248 concedit
1689 1209 1914 1248 facultatem
1944 1223 2119 1256 asseres,
2148 1210 2267 1262 ligna,
2323 1205 2356 1238 2·
2382 1206 2478 1247 Maji·

58 1267 192 1309 clavos
221 1270 372 1311 ferreos
402 1277 442 1312 et
471 1275 600 1313 omnia
630 1275 705 1314 alia
736 1275 772 1313 in
803 1275 894 1314 villa
922 1275 1235 1330 Haelsyngburgh
1265 1279 1383 1318 libere
1413 1279 1678 1332 comparandi.
1707 1301 1760 1308 --
1790 1278 2010 1332 Sioburylc,
2041 1281 2078 1318 in
2096 1282 2267 1320 crastino

57 1337 204 1380 beator.
233 1342 452 1395 apostolor.
481 1342 655 1398 Philippi
685 1349 725 1384 et
747 1345 900 1384 Jacobi.

449 1415 639 1456 Langebek
664 1415 802 1458 Seriptt.
827 1416 890 1448 IX.
984 1440 993 1450 .
1043 1417 1126 1449 Cod.
1151 1418 1285 1450 Esrom.
1311 1418 1372 1451 fol.
1396 1416 1493 1452 L11b.

318 1475 475 1524 [1566.]
533 1475 670 1516 ΡΕΤΜ
701 1478 921 1530 praepositi,
953 1477 1197 1518 Tnonnoms
1226 1479 1490 1518 archidiaconi
1521 1483 1560 1518 et
1583 1480 1705 1518 totius
1731 1492 1926 1519 cAm'rnm
1950 1480 2267 1521 Rosmnmvsis
2320 1489 2354 1523 5.
2383 1490 2475 1531 Maii.

57 1539 197 1589 literae,
229 1543 373 1596 quibus
403 1549 620 1594 testantur,
651 1561 696 1587 se
726 1547 878 1587 vidisse
907 1547 1051 1586 bullam
1081 1549 1404 1588 confirmatoriam
1428 1549 1643 1588 Alexandri
1672 1548 1772 1600 (IV.)
1802 1564 1912 1602 papae
1941 1550 2005 1598 (de
2035 1564 2096 1589 an.
2130 1551 2263 1601 1256.)

57 1607 177 1664 super
205 1612 419 1666 diplomate
448 1615 638 1655 Friderici
667 1615 750 1666 (ll.)
782 1618 1028 1670 imperatoris
1068 1618 1132 1666 (de
1167 1632 1229 1657 an.
1263 1619 1418 1668 1214),
1462 1633 1539 1671 quo
1577 1632 1715 1658 omnes
1751 1621 1904 1658 termini
1942 1620 2042 1659 ultra
2071 1620 2263 1660 Eldanam

57 1685 98 1722 et
124 1682 305 1731 Albiam,
336 1685 499 1738 imperio
529 1687 768 1735 attinentes,
797 1702 915 1740 regno
944 1687 1078 1727 Daniae
1108 1688 1363 1728 addebantur.
1407 1711 1456 1747 fi
1499 1687 1732 1737 Roslcz'ldts,
1774 1689 1951 1742 profesto
1987 1689 2026 1728 b.
2054 1690 2144 1729 Joh.
2173 1695 2263 1730 ante

55 1756 208 1804 portam
232 1753 432 1795 Latinam.

450 1826 639 1859 Thorkelin
662 1826 888 1870 Diplomatar.
912 1830 1145 1870 Arna-Magn.
1171 1828 1198 1860 Ι.
1224 1827 1302 1860 206.

317 1900 474 1949 [1567.]
532 1899 663 1939 Eruci
692 1900 891 1940 Danorum
922 1901 1205 1954 Slavorumquc
1235 1902 1359 1953 regis,
1388 1901 1502 1941 ducis
1529 1901 1706 1941 Estoniae
1737 1902 1878 1949 literae,
1909 1901 2053 1954 quibus
2083 1903 2261 1943 eeclesiae
2305 1909 2338 1942 4.
2362 1909 2471 1943 Junii.

57 1966 330 2010 Doberanensi
373 1974 414 2010 et
457 1969 641 2010 fratribus
686 1970 830 2009 ibidem
874 1971 948 2010 deo
991 1970 1254 2010 servientibus
1295 1972 1574 2023 proprietatem
1610 1972 1710 2011 villae
1750 1971 2031 2012 Critscemowe
2068 1972 2187 2012 donat
2223 1977 2263 2013 et

56 2038 219 2079 confert.
247 2063 302 2069 —
329 2041 381 2082 In
411 2043 584 2081 civitate
612 2041 814 2089 Rozstoe,
846 2041 1056 2080 indictione
1085 2040 1192 2079 XlV.
1222 2041 1347 2093 pridie
1375 2055 1499 2081 nonas
1526 2041 1648 2080 Junii.

445 2111 678 2154 VVestphalen
703 2113 853 2143 Manum.
879 2110 966 2143 ined.
991 2112 1052 2144 111.
1081 2110 1269 2143 1568—69.

319 2182 470 2236 [1568]
526 2183 686 2223 Eamus
714 2198 781 2223 rex
811 2188 996 2231 testatur,
1040 2197 1084 2222 se
1114 2183 1243 2222 villam
1281 2183 1423 2222 dictam
1453 2183 1664 2224 Palchowe
1702 2184 1752 2223 ad
1788 2189 1923 2237 partes
1953 2184 2158 2225 Godosridi
2187 2186 2261 2238 Sy-
2296 2192 2351 2227 28.
2389 2194 2483 2228 Julii.

53 2253 203 2301 monis,
231 2253 387 2294 Alberti
418 2255 692 2307 Spyszenagel
722 2268 768 2293 ac
800 2253 992 2293 Johannis
1022 2254 1115 2292 dicti
1144 2253 1290 2299 Rufus,
1319 2253 1477 2292 fratrum
1502 2257 1542 2292 et
1570 2255 1713 2292 civium
1739 2256 1776 2293 in
1806 2255 2001 2302 lx'ozstok,
2030 2257 2258 2303 contulisse,

52 2315 169 2377 prcut
190 2324 356 2364 eandem
373 2338 395 2364 a
419 2325 497 2364 dfio
513 2324 697 2364 Heinrico
715 2325 871 2363 domino
896 2324 945 2362 de
962 2323 1093 2362 W'erle
1117 2326 1359 2375 receperunt.
1376 2345 1424 2350 —
1451 2322 1763 2372 lVaruemmzde,
1786 2323 2041 2363 Pantaleonis
2064 2327 2259 2378 martyris.

445 2395 610 2428 Schrtiter
633 2396 802 2439 Beytriige
824 2405 885 2427 zur
908 2393 1166 2434 Mecklenburg.
1195 2392 1544 2425 Geschichts—Kunde
1571 2393 1600 2425 l.
1626 2393 1686 2425 Bd.
1715 2393 1745 2426 1.
1771 2396 1813 2426 Η.
1838 2405 1870 2437 p.
1894 2395 1958 2427 xl.

313 2468 470 2516 [1569]
527 2467 724 2515 Νιοοωι,
768 2467 913 2506 domini
952 2466 1000 2505 de
1037 2465 1239 2512 wenden,
1284 2465 1475 2518 diploma,
1513 2479 1590 2518 quo
1627 2466 1875 2504 conditiones
1913 2466 2028 2505 firmae
2065 2468 2178 2518 pacis
2218 2472 2257 2507 et
2284 2465 2493 2510 Ῑ-Αῦέΰδῐῑ·

53 2537 271 2577 concordiae
301 2521 401 2577 inter
429 2551 518 2577 eum
550 2541 590 2576 et
619 2537 794 2576 fautores
823 2538 934 2590 ejus:
977 2535 1240 2574 marchionem
1267 2534 1530 2573 Hermannum
1561 2535 1610 2573 de
1639 2534 1939 2587 Brandenborg,
1986 2535 2108 2578 duces
2141 2536 2259 2575 Steti-

53 2620 201 2647 nenses
229 2611 270 2647 et
297 2608 432 2661 plures
459 2608 680 2661 principes,
711 2621 797 2646 cum
827 2606 945 2646 Erico
974 2606 1172 2645 Danorum
1202 2618 1292 2656 rege
1323 2605 1361 2642 in
1391 2604 1555 2643 castello
1586 2604 1728 2643 Sewan
1759 2604 1822 2643 die
1851 2605 1985 2644 Mariae
2013 2604 2257 2657 Magdalenae

53 2676 188 2725 sactae,
217 2682 476 2730 exponuntur.
505 2701 559 2707 —
588 2676 789 2727 Rostoclc,
820 2677 882 2716 die
912 2676 948 2715 b.
978 2675 1085 2714 Petri
1116 2675 1165 2713 ad
1195 2674 1359 2712 vincula.

446 2749 601 2781 Rostock
626 2748 804 2781 wochentl.
830 2746 1054 2779 Nachrichten
1083 2745 1179 2777 1753.
1205 2754 1237 2786 p.
1266 2742 1411 2775 17—22.
1459 2742 1561 2774 Suhm
1586 2741 1676 2774 nist.
1701 2742 1741 2774 af
1760 2743 1908 2776 Danmk.
1932 2744 1996 2776 XI.
2019 2744 2191 2778 880—82.

315 2820 473 2869 [1570.]
531 2821 710 2868 “Arro,
742 2820 888 2860 Christi
918 2819 1039 2871 gratia
1071 2816 1260 2856 sacerdos
1289 2819 1330 2854 et
1356 2828 1527 2868 persona
1557 2815 1735 2854 ecclesiae
1764 2815 1813 2854 de
1844 2815 2073 2868 Tybyrke'',
2111 2819 2255 2858 curiam
2281 2819 2336 2854 26.
2368 2822 2489 2856 Novbr.

53 2902 167 2931 suam
197 2891 235 2930 in
263 2890 456 2944 Luciighe
484 2892 725 2930 monasterio
747 2889 978 2928 Esromensi
1002 2887 1165 2927 confert.
1188 2909 1236 2914 -
1260 2885 1424 2930 Esrom,
1456 2885 1492 2923 in
1518 2886 1688 2924 crastino
1711 2883 1835 2924 beatae
1859 2887 2021 2938 virginis
2043 2886 2254 2927 Katerinae.

445 2961 632 3002 Langebek
657 2960 795 3003 Seriptt.
821 2960 884 2992 IX.
977 2982 986 2991 .
1035 2957 1116 2990 Cod.
1141 2957 1274 2988 Esrom.
1301 2954 1361 2986 fol.
1388 2954 1600 3006 cxxxllrl.

313 3033 471 3084 [l57l.]
528 3034 632 3073 Acta
673 3032 832 3087 capituli
874 3030 1068 3083 generalis
1111 3027 1257 3067 ordinis
1300 3025 1617 3066 Praedicatorum.
1688 3026 1708 3078 ξ
1747 3027 1818 3066 17:
1855 3027 1979 3068 “Item
2010 3028 2255 3070 absolvimus

53 3101 299 3156 subpriorem
329 3103 646 3156 Amburgensem
676 3103 713 3141 in
742 3115 934 3155 poenam,
964 3101 1053 3153 quia
1082 3098 1218 3151 petivit
1247 3097 1395 3134 literam
1426 3096 1727 3136 testimonialem
1758 3109 1779 3135 a
1817 3110 2065 3138 nnmmronn
2095 3099 2254 3148 Dacm,

53 3175 95 3212 et
122 3185 199 3211 non
234 3174 464 3226 recognovit
501 3187 590 3213 eum
627 3172 892 3218 definitorem,
935 3173 1138 3221 antequam
1178 3166 1253 3205 sibi
1292 3166 1340 3204 de
1378 3165 1453 3204 hoc
1488 3180 1558 3218 per
1594 3167 1915 3206 constitutionem
1953 3172 2170 3216 constaret,
2214 3173 2254 3208 et

53 3240 194 3282 damus
236 3243 274 3282 ei
315 3243 356 3282 X
398 3242 484 3282 dies
527 3243 565 3281 in
608 3256 708 3296 pane
750 3245 790 3281 et
831 3240 971 3294 aqua”.
1041 3237 1060 3288 ξ
1093 3236 1160 3275 19:
1198 3235 1320 3274 “Item
1352 3235 1507 3274 fratrem
1538 3233 1787 3275 Gottfredum
1816 3236 1999 3277 lectorem
2030 3237 2252 3284 Sindoniae,

25 3311 210 3366 ·coquod
240 3325 498 3353 ruovmcmm
526 3313 696 3359 Daciae,
738 3311 872 3364 posito
910 3311 947 3349 in
977 3307 1202 3347 dormitorio
1241 3305 1437 3344 communi
1473 3318 1560 3344 cum
1599 3319 1675 3346 uno
1717 3306 1886 3354 infirmo,
1930 3321 2004 3347 non
2043 3309 2167 3346 cessit
2204 3307 2253 3346 de
