2649 3686
721 132 877 181 Koxo
912 132 964 180 V
967 150 1205 182 ,aeneum
1240 148 1337 181 Dr-:x
1373 130 1576 179 Axnex.
2200 136 2263 182 93

47 310 200 348 sionem
230 318 365 345 eorum
405 305 443 344 in
472 303 782 356 Baldunghslcs,
826 320 914 346 cum
959 307 1202 353 attinentiis,
1246 303 1578 359 quemadmodum
1622 303 1869 357 temporibus
1911 306 2038 357 patris
2081 306 2186 356 regis
2230 311 2267 344 et
2342 307 2456 346 1222.

47 377 178 417 fratris
207 380 323 415 antea
351 374 603 414 habuissent.
632 397 682 403 —
722 376 1102 429 lVortleonqabmy,
1133 377 1305 429 septimo
1335 375 1389 414 id.
1418 375 1566 414 Martii.
2301 374 2335 406 9·
2362 376 2489 407 Martii-

437 445 618 486 Liljcgrcn
645 445 832 488 Diplumat.
859 451 999 479 svccan.
1026 449 1051 480 1.
1078 458 1131 480 n0.
1157 446 1236 478 211.
1263 457 1294 489 p.
1323 444 1402 478 221.

307 506 438 556 [678.]
496 506 641 546 Literae
670 506 866 547 Hoxoun
898 507 1024 557 (lllffi)
1052 522 1163 561 papae
1193 507 1244 547 ad
1273 508 1491 560 episcopos
1519 506 1783 545 Arusiensem
1813 508 1853 544 et
1882 505 2265 545 wendelsusensem
2302 517 2356 548 27.
2394 518 2490 557 Maji.
2520 528 2522 530 ’

47 578 96 618 de
128 576 286 617 Andrea
315 577 644 630 archiepiscopo,
675 577 724 616 ob
755 578 1011 618 incurabilem
1042 579 1222 631 corporis
1251 579 1513 617 infirmitatem
1544 576 1663 616 officii
1693 575 1909 633 pastoralis
1939 576 2164 615 cessionem
2202 590 2267 629 pe·

47 652 166 689 tente.
198 669 246 676 —
278 649 442 697 Alatrc',
472 645 541 685 Vl.
572 647 725 686 calend.
755 647 876 687 Junii.

441 718 547 751 Subm
575 717 665 750 nist.
691 718 733 750 at*
753 719 903 751 Danmk.
929 720 990 752 lx.
1018 719 1096 752 756.

308 780 438 829 [679]
496 780 690 819 Ax'nruu:
720 780 1012 834 archiepiscopi
1042 781 1275 820 Lundensis
1304 779 1491 832 diploma,
1521 791 1598 832 quo
1629 777 1803 831 capitulo
1826 776 2033 817 Lundensi
2059 777 2270 816 ecclesiam
2314 784 2366 816 16.
2393 786 2497 817 Junii.

9 843 16 859 ’
46 853 200 895 Sanetae
228 851 365 891 Mariae
395 852 586 904 majorem
617 852 656 889 in
687 851 847 890 civitate
877 850 1083 890 Lundensi
1114 865 1202 890 cum
1233 849 1416 890 omnibus
1446 850 1536 902 ejus
1564 847 1900 901 possessionibus
1938 847 2006 886 dat
2035 852 2075 886 ct
2104 848 2270 894 confert,

47 937 118 978 pro
146 925 254 962 curia
284 921 455 976 quadam
485 920 648 974 capituli
678 935 766 960 cum
804 922 902 960 ortis
940 925 980 960 et
1015 922 1285 974 pertinentiis,
1329 933 1446 973 quam
1485 920 1577 959 olim
1616 918 1801 957 dominus
1837 918 2042 958 Johanucs
2078 917 2270 957 habuisse

27 993 200 1052 'dicitun
232 1015 282 1022 -
316 992 539 1044 Glustorp,
569 991 678 1030 XVI.
709 991 861 1030 calend.
890 991 999 1030 Julii.

441 1062 620 1104 Liljegren
644 1061 874 1105 Diplomatar·.
901 1064 1043 1094 Svecan.
1068 1063 1097 1095 1.
1122 1072 1178 1095 no.
1201 1061 1282 1095 212.
1308 1072 1339 1104 p.
1363 1059 1537 1093 223—25.

309 1124 439 1173 [680]
497 1124 662 1171 Literae,
693 1124 839 1177 quibus
868 1123 1020 1163 Tnu‘uo
1051 1124 1357 1169 Launnxssox,
1386 1126 1541 1161 curator
1571 1121 1805 1172 (ετιναΐιιεῖ)
1836 1121 2016 1160 ecclesiae
2045 1121 2261 1173 Helsingae,
2298 1127 2353 1160 29.
2388 1128 2493 1159 Junii.

48 1197 176 1237 omnia
200 1209 275 1236 sua
299 1194 404 1235 hona
435 1196 473 1234 in
503 1194 724 1247 Helsinghe
755 1195 833 1233 sita
861 1196 1102 1234 monasterio
1132 1208 1166 1233 s.
1194 1193 1354 1234 Thomae
1385 1193 1434 1233 de
1463 1191 1661 1232 Paraclito
1691 1192 1795 1231 dono
1825 1191 1998 1231 dedicat.
2030 1214 2079 1219 —
2115 1191 2270 1232 Ebble-

46 1267 152 1316 Ieolc,
185 1266 250 1306 die
280 1279 372 1319 app.
401 1264 511 1305 Petri
540 1268 580 1304 et
607 1264 736 1304 Pauli.

442 1336 630 1377 Langebek
655 1334 797 1378 Scriptt.
830 1336 893 1368 vl.
930 1334 1005 1367 150.
1043 1334 1252 1367 “Trumonis
1283 1334 1434 1378 plebani
1465 1333 1678 1376 Belsinghe”
1710 1333 1745 1366 in
1777 1331 1964 1375 diplomate
1996 1331 2076 1364 anni
2115 1331 2199 1364 1241
2234 1333 2272 1364 fit

441 1397 579 1430 mentio.
626 1397 708 1430 Vid.
735 1397 921 1438 Langebek
947 1396 1085 1439 Scriptt.
1110 1397 1172 1428 v1.
1202 1396 1277 1429 156.

310 1459 440 1508 [681]
497 1460 778 1500 XVAanranr
814 1460 1015 1499 Danorum
1058 1458 1344 1512 Slavorumque
1386 1460 1513 1511 regis,
1556 1457 1672 1496 ducis
1709 1456 1826 1496 Jutiae
1871 1460 1910 1495 et
1953 1456 2100 1495 domini
2143 1455 2268 1495 Nord-

49 1531 242 1584 albingiae,
271 1531 493 1583 privilegia,
523 1530 615 1569 data
645 1530 803 1570 civibus
831 1529 1096 1582 Ripensibus,
1126 1533 1196 1567 “ut
1224 1526 1450 1582 ubicunque
1480 1527 1580 1567 infra
1609 1529 1716 1580 regni
1746 1528 1938 1566 terminos
1968 1540 2041 1565 eos
2071 1527 2270 1566 declinare

41 1603 256 1654 ‚contigerit
285 1601 512 1654 negotiandi
543 1614 689 1647 causa,
719 1614 768 1639 ne
798 1599 998 1653 aliquibus
1028 1600 1199 1652 angariis
1227 1602 1538 1651 praegraventur,
1569 1611 1642 1636 nec
1672 1599 1882 1650 quicquam
1911 1596 1961 1636 ab
1993 1598 2055 1636 eis
2084 1602 2270 1650 respectu

49 1673 122 1712 sori
151 1672 214 1711 vel
245 1671 418 1711 thelonei
448 1672 667 1724 exigatur”.
699 1671 748 1700 -ἐ-
780 1670 877 1709 Sine
908 1684 1022 1709 anno.
1405 1672 1407 1675 “

443 1744 621 1785 Terpager
645 1741 740 1785 Ripae
766 1741 893 1774 Cimbr.
918 1752 950 1783 p.
975 1740 1056 1774 685.
1105 1739 1237 1772 Gruber
1261 1738 1357 1782 Orig.
1382 1738 1503 1784 [given.
1529 1750 1558 1782 p.
1587 1738 1667 1772 263.
1725 1739 1815 1771 Dan.
1846 1737 1986 1781 interpr.
2019 1747 2072 1780 ap.
2099 1737 2267 1778 Galtllen,

443 1806 567 1837 Beskr.
595 1815 676 1837 over
698 1804 786 1836 Bibe
811 1815 842 1846 p.
872 1802 1039 1834 158—59.

311 1866 442 1916 [682]
499 1866 695 1906 Amnum:
733 1865 1025 1917 archiepiscopi
1062 1863 1293 1902 Lundensis
1323 1861 1565 1901 confirmatio
1595 1863 1938 1909 commutationis,
1983 1860 2032 1900 ab
2071 1875 2118 1900 eo
2156 1861 2268 1901 factoe

50 1939 228 1978 ecclesiae
258 1937 414 1977 Sanctae
446 1938 581 1977 Mariae
612 1938 778 1990 majoris
807 1937 846 1975 in
877 1936 1036 1974 civitate
1064 1933 1283 1979 Lundensi,
1313 1933 1430 1984 cujus
1454 1933 1524 1984 jus
1552 1936 1785 1985 patronatus
1813 1932 2066 1984 possederat,
2096 1946 2166 1985 pro
2191 1946 2270 1971 una

49 2011 157 2049 curia
172 2023 260 2049 cum
276 2009 543 2062 pertiuentiis,
573 2007 752 2047 adhibito
775 2019 976 2045 consensu
992 2004 1110 2056 legati
1126 2003 1237 2042 sedis
1253 2003 1483 2055 apostolicae
1501 2001 1682 2054 Gregorii
1707 2001 1755 2041 de
1769 2001 1963 2042 Essentio
1989 2002 2267 2052 (Crescentio).

445 2078 625 2119 Liljegren
649 2077 877 2121 Diplomatar.
904 2079 1050 2108 §ve-can.
1076 2075 1102 2106 1.
1128 2084 1182 2106 no.
1207 2073 1286 2106 213.
1311 2085 1343 2116 p.
1370 2072 1452 2104 225.

312 2140 442 2190 [683.]
499 2141 695 2180 Asnaum
726 2137 1017 2191 archiepiscopi
1054 2135 1284 2174 Lundensis
1322 2134 1513 2187 diploma,
1557 2147 1634 2186 quo
1673 2138 1806 2173 notam
1843 2134 1938 2172 facit
1973 2134 2269 2187 placitationem

51 2214 149 2252 iuter
177 2213 379 2261 dominum
408 2211 668 2251 Laurentium
705 2214 746 2249 et
783 2208 995 2262 capitulum
1026 2205 1240 2244 Luudense
1270 2205 1433 2243 factam:
1479 2203 1604 2256 quod,
1643 2217 1731 2242 eum
1763 2209 2012 2257 quereretur,
2056 2209 2268 2243 commuta-

3 2299 8 2303 ·
51 2285 196 2323 tionem
235 2283 408 2335 aliquam
444 2266 640 2321 bonorum
677 2295 767 2320 cum
803 2279 965 2319 Andrea
1001 2276 1277 2316 archidiacono
1322 2276 1480 2313 “miuus
1521 2274 1713 2326 provide”
1754 2275 1809 2322 (in
1848 2273 2033 2313 damnum
2071 2274 2268 2322 ecclesias)

51 2368 145 2394 esse
173 2353 340 2400 saetam,
383 2352 652 2398 Laurentius,
695 2355 740 2390 ut
769 2348 968 2404 querelam
998 2348 1171 2400 sopiret,
1215 2346 1409 2396 integrum
1438 2357 1619 2382 mansum
1649 2348 1689 2383 et
1718 2343 1925 2382 dimidium
1957 2346 1994 2383 in
2024 2343 2118 2383 villa
2146 2344 2267 2398 Raby

50 2424 198 2478 majore
223 2425 338 2477 juxta
367 2424 569 2462 civitatem
598 2420 889 2472 (Lundensem)
921 2418 1100 2456 ecclesia}
1131 2430 1165 2454 v.
1195 2415 1370 2468 capitulo
1409 2415 1598 2460 scotavit,
1642 2427 1689 2453 ea
1718 2413 1965 2461 conditione,
2002 2418 2046 2453 ut
2074 2415 2268 2454 reditibus

52 2495 102 2534 ad
129 2496 219 2535 vitae
249 2495 337 2534 dies
367 2493 575 2533 frueretur.
606 2515 656 2520 —
688 2490 866 2532 Lumlls.

444 2563 620 2615 LilJegren
645 2561 871 2605 Diplomatar.
897 2561 1036 2592 Svecan.
1062 2557 1090 2589 I.
1115 2566 1171 2589 no,
1196 2554 1274 2587 214.
1299 2565 1330 2597 p.
1357 2553 1438 2587 226.

1086 2655 1231 2704 1223.
2342 2676 2459 2716 1223.

316 2759 444 2808 [684]
502 2758 698 2797 Howoau
744 2753 870 2805 (Illffi)
913 2765 1025 2807 papae
1067 2750 1174 2790 hulla
1216 2750 1474 2802 protectoria,
1517 2748 1608 2788 data
1650 2750 1891 2788 monasterio
1929 2748 2178 2790 Esromensi.
2215 2772 2270 2780 -
2303 2760 2360 2793 23.
2389 2761 2504 2793 ssetbr.

54 2831 280 2879 Laterani,
310 2830 363 2869 Χ.
393 2828 546 2869 calend.
573 2827 789 2867 Novembr.

447 2897 637 2931 Thorkelin
656 2898 882 2941 Diplomatar.
908 2893 1144 2931 Arna-Magn.
1169 2889 1197 2921 Ι.
1222 2900 1256 2932 p.
1279 2887 1338 2921 99.
1386 2887 1470 2920 cod.
1488 2888 1630 2922 Esrom.
1658 2887 1720 2920 fol.
1745 2887 1913 2923 xmlllb,

240 3006 250 3013 .
318 2959 449 3010 [685]
506 2959 698 3012 Hoxonu
730 2955 854 3008 (llltii)
884 2968 994 3009 Papae
1024 2952 1129 2992 hulla
1156 2950 1421 3004 protectoria,
1465 2948 1555 2988 data
1584 2948 1791 2989 monachis
1820 2949 1870 2989 de
1899 2950 2013 2990 Sora.
2050 2973 2099 2979 —-
2138 2952 2266 2993 Late·
2299 2967 2355 2999 27,
2382 2967 2498 2999 Oetbr.

56 3034 168 3080 rani,
197 3030 266 3071 Vl.
295 3031 368 3071 cal.
397 3029 612 3069 Novembr.

450 3099 640 3133 Thorkelin
663 3098 889 3141 Diplomatar.
914 3095 1149 3133 Arna-Magn.
1176 3088 1206 3124 Ῐ.
1233 3101 1264 3133 p.
1288 3088 1346 3121 99.

319 3162 448 3211 [686]
504 3162 650 3201 Literae
687 3159 880 3199 Hos-orm
926 3152 1053 3211 (lllffi)
1096 3166 1207 3206 papae
1251 3150 1301 3189 ad
1330 3149 1544 3190 Henricum
1581 3150 1720 3190 ducem
1758 3151 2060 3199 Sverinensem,
2105 3154 2188 3200 cui,
2234 3155 2270 3192 si
2294 3160 2351 3193 31.
2387 3161 2504 3194 Octbr.

16 3224 19 3229 ’
57 3245 186 3285 poena
214 3232 638 3272 excommunicationis
666 3244 743 3269 non
773 3228 1097 3270 commoveretur,
1126 3226 1168 3261 ut
1195 3219 1450 3260 Waldemaro
1466 3221 1603 3260 Daniae
1631 3222 1714 3273 regi
1751 3225 1792 3260 et
1819 3221 1898 3261 filio
1929 3224 2018 3275 ejus
2047 3221 2268 3262 libertatem

58 3302 253 3349 restituat,
281 3302 463 3348 minatur,
493 3314 539 3340 se
568 3303 704 3340 eontra
734 3311 823 3339 eum
851 3309 1003 3350 poenas
1033 3294 1132 3334 alias
1161 3291 1377 3343 excogitari
1402 3294 1643 3339 curaturum,
1673 3294 1740 3330 “et
1768 3292 1996 3345 specialiter
2026 3292 2266 3346 imperialem
