<?xml version="1.0" encoding="UTF-8"?>
<!DOCTYPE html PUBLIC "-//W3C//DTD XHTML 1.0 Transitional//EN"
    "http://www.w3.org/TR/xhtml1/DTD/xhtml1-transitional.dtd">
<html xmlns="http://www.w3.org/1999/xhtml" xml:lang="en" lang="en">
 <head>
  <title>
</title>
<meta http-equiv="Content-Type" content="text/html;charset=utf-8" />
  <meta name='ocr-system' content='tesseract 3.04.00' />
  <meta name='ocr-capabilities' content='ocr_page ocr_carea ocr_par ocr_line ocrx_word'/>
</head>
<body>
  <div class='ocr_page' id='page_1' title='image "./regestadiplomati01dansuoft_0438.png"; bbox 0 0 2649 3686; ppageno 0'>
   <div class='ocr_carea' id='block_1_1' title="bbox 94 290 254 392">
    <p class='ocr_par' dir='ltr' id='par_1_1' title="bbox 94 290 254 392">
     <span class='ocr_line' id='line_1_1' title="bbox 120 290 240 329; baseline 0 0"><span class='ocrx_word' id='word_1_1' title='bbox 120 290 240 329; x_wconf 76' lang='lat'><strong>1424.</strong></span> 
     </span>
     <span class='ocr_line' id='line_1_2' title="bbox 94 359 254 392; baseline 0.013 -2"><span class='ocrx_word' id='word_1_2' title='bbox 94 359 128 391; x_wconf 88' lang='grc'><strong>8.</strong></span> <span class='ocrx_word' id='word_1_3' title='bbox 148 359 254 392; x_wconf 75' lang='lat' dir='ltr'><strong>Febr.</strong></span> 
     </span>
    </p>
   </div>
   <div class='ocr_carea' id='block_1_2' title="bbox 86 703 272 736">
    <p class='ocr_par' dir='ltr' id='par_1_2' title="bbox 86 703 272 736">
     <span class='ocr_line' id='line_1_3' title="bbox 86 703 272 736; baseline 0.011 -2"><span class='ocrx_word' id='word_1_4' title='bbox 86 703 137 736; x_wconf 87' lang='lat'><strong>15.</strong></span> <span class='ocrx_word' id='word_1_5' title='bbox 170 704 272 736; x_wconf 82' lang='lat' dir='ltr'><strong>Febr.</strong></span> 
     </span>
    </p>
   </div>
   <div class='ocr_carea' id='block_1_3' title="bbox 75 1047 281 1080">
    <p class='ocr_par' dir='ltr' id='par_1_3' title="bbox 75 1047 281 1080">
     <span class='ocr_line' id='line_1_4' title="bbox 75 1047 281 1080; baseline 0.01 -2"><span class='ocrx_word' id='word_1_6' title='bbox 75 1047 124 1079; x_wconf 89' lang='grc'><strong>15.</strong></span> <span class='ocrx_word' id='word_1_7' title='bbox 149 1047 281 1080; x_wconf 82' lang='lat' dir='ltr'><strong>Martii.</strong></span> 
     </span>
    </p>
   </div>
   <div class='ocr_carea' id='block_1_4' title="bbox 65 1595 276 1629">
    <p class='ocr_par' dir='ltr' id='par_1_4' title="bbox 65 1595 276 1629">
     <span class='ocr_line' id='line_1_5' title="bbox 65 1595 276 1629; baseline 0 -1"><span class='ocrx_word' id='word_1_8' title='bbox 65 1597 115 1629; x_wconf 82' lang='lat'><strong>18.</strong></span> <span class='ocrx_word' id='word_1_9' title='bbox 145 1595 276 1629; x_wconf 78' lang='lat' dir='ltr'><strong>Martii.</strong></span> 
     </span>
    </p>
   </div>
   <div class='ocr_carea' id='block_1_5' title="bbox 59 1861 272 1895">
    <p class='ocr_par' dir='ltr' id='par_1_5' title="bbox 59 1861 272 1895">
     <span class='ocr_line' id='line_1_6' title="bbox 59 1861 272 1895; baseline 0.005 -1"><span class='ocrx_word' id='word_1_10' title='bbox 59 1861 114 1894; x_wconf 80' lang='lat'><strong>29.</strong></span> <span class='ocrx_word' id='word_1_11' title='bbox 141 1861 272 1895; x_wconf 82' lang='lat' dir='ltr'><strong>Martii.</strong></span> 
     </span>
    </p>
   </div>
   <div class='ocr_carea' id='block_1_6' title="bbox 55 2409 273 2453">
    <p class='ocr_par' dir='ltr' id='par_1_6' title="bbox 55 2409 273 2453">
     <span class='ocr_line' id='line_1_7' title="bbox 55 2409 273 2453; baseline 0.014 -13"><span class='ocrx_word' id='word_1_12' title='bbox 55 2409 106 2441; x_wconf 77' lang='grc' dir='ltr'><strong>Η.</strong></span> <span class='ocrx_word' id='word_1_13' title='bbox 131 2409 273 2453; x_wconf 84' lang='lat' dir='ltr'><strong>Aprilis.</strong></span> 
     </span>
    </p>
   </div>
   <div class='ocr_carea' id='block_1_7' title="bbox 63 2746 280 2790">
    <p class='ocr_par' dir='ltr' id='par_1_7' title="bbox 63 2746 280 2790">
     <span class='ocr_line' id='line_1_8' title="bbox 63 2746 280 2790; baseline 0.009 -13"><span class='ocrx_word' id='word_1_14' title='bbox 63 2746 113 2777; x_wconf 80' lang='lat'><strong>17.</strong></span> <span class='ocrx_word' id='word_1_15' title='bbox 139 2746 280 2790; x_wconf 75' lang='lat' dir='ltr'>Aprilis.</span> 
     </span>
    </p>
   </div>
   <div class='ocr_carea' id='block_1_8' title="bbox 58 3084 277 3129">
    <p class='ocr_par' dir='ltr' id='par_1_8' title="bbox 58 3084 277 3129">
     <span class='ocr_line' id='line_1_9' title="bbox 58 3084 277 3129; baseline 0.005 -12"><span class='ocrx_word' id='word_1_16' title='bbox 58 3085 109 3117; x_wconf 81' lang='lat'><strong>18.</strong></span> <span class='ocrx_word' id='word_1_17' title='bbox 136 3084 277 3129; x_wconf 79' lang='lat' dir='ltr'>Aprilis.</span> 
     </span>
    </p>
   </div>
   <div class='ocr_carea' id='block_1_9' title="bbox 312 94 1783 167">
    <p class='ocr_par' dir='ltr' id='par_1_9' title="bbox 312 94 1783 167">
     <span class='ocr_line' id='line_1_10' title="bbox 312 94 1783 167; baseline -0.01 0"><span class='ocrx_word' id='word_1_18' title='bbox 312 117 410 167; x_wconf 81' lang='lat'><strong>392</strong></span> <span class='ocrx_word' id='word_1_19' title='bbox 500 94 503 96; x_wconf 86' lang='lat'>.</span> <span class='ocrx_word' id='word_1_20' title='bbox 1059 110 1214 159; x_wconf 66' lang='lat' dir='ltr'><strong>Kosa</strong></span> <span class='ocrx_word' id='word_1_21' title='bbox 1247 108 1378 157; x_wconf 64' lang='lat' dir='ltr'><strong>Ean&lt;</strong></span> <span class='ocrx_word' id='word_1_22' title='bbox 1412 124 1475 155; x_wconf 78' lang='lat' dir='ltr'><strong>AF</strong></span> <span class='ocrx_word' id='word_1_23' title='bbox 1511 106 1783 154; x_wconf 77' lang='lat' dir='ltr'><strong>POMMERN.</strong></span> 
     </span>
    </p>
   </div>
   <div class='ocr_carea' id='block_1_10' title="bbox 309 194 2534 214">
    <p class='ocr_par' dir='ltr' id='par_1_10' title="bbox 309 194 2534 214">
     <span class='ocr_line' id='line_1_11' title="bbox 309 194 2534 214; baseline 0 3472"><span class='ocrx_word' id='word_1_24' title='bbox 309 194 2534 214; x_wconf 95' lang='lat' dir='ltr'><strong> </strong></span> 
     </span>
    </p>
   </div>
   <div class='ocr_carea' id='block_1_11' title="bbox 310 276 2534 543">
    <p class='ocr_par' dir='ltr' id='par_1_11' title="bbox 310 276 2534 543">
     <span class='ocr_line' id='line_1_12' title="bbox 573 276 2532 338; baseline -0.005 -9"><span class='ocrx_word' id='word_1_25' title='bbox 573 288 730 338; x_wconf 62' lang='lat'>[3386]</span> <span class='ocrx_word' id='word_1_26' title='bbox 789 287 1072 329; x_wconf 66' lang='lat' dir='ltr'><strong>Smrsnmvnr,</strong></span> <span class='ocrx_word' id='word_1_27' title='bbox 1101 279 1371 319; x_wconf 82' lang='lat' dir='ltr'><strong>Romanorum</strong></span> <span class='ocrx_word' id='word_1_28' title='bbox 1401 281 1479 316; x_wconf 89' lang='lat' dir='ltr'><strong>etc.</strong></span> <span class='ocrx_word' id='word_1_29' title='bbox 1509 277 1635 329; x_wconf 82' lang='lat' dir='ltr'><strong>regis,</strong></span> <span class='ocrx_word' id='word_1_30' title='bbox 1664 276 1805 323; x_wconf 89' lang='lat' dir='ltr'><strong>literae,</strong></span> <span class='ocrx_word' id='word_1_31' title='bbox 1835 276 1982 338; x_wconf 78' lang='lat' dir='ltr'><strong>quihus</strong></span> <span class='ocrx_word' id='word_1_32' title='bbox 2009 276 2231 316; x_wconf 89' lang='lat' dir='ltr'><strong>Ludvicum</strong></span> <span class='ocrx_word' id='word_1_33' title='bbox 2257 277 2305 317; x_wconf 88' lang='lat' dir='ltr'><strong>de</strong></span> <span class='ocrx_word' id='word_1_34' title='bbox 2330 278 2532 319; x_wconf 83' lang='lat' dir='ltr'><strong>Cattaneis</strong></span> 
     </span>
     <span class='ocr_line' id='line_1_13' title="bbox 312 345 2534 400; baseline -0.005 0"><span class='ocrx_word' id='word_1_35' title='bbox 312 361 362 400; x_wconf 90' lang='lat' dir='ltr'><strong>de</strong></span> <span class='ocrx_word' id='word_1_36' title='bbox 404 360 561 399; x_wconf 84' lang='lat' dir='ltr'>Verona</span> <span class='ocrx_word' id='word_1_37' title='bbox 604 364 643 398; x_wconf 90' lang='lat' dir='ltr'><strong>et</strong></span> <span class='ocrx_word' id='word_1_38' title='bbox 685 356 924 397; x_wconf 84' lang='lat' dir='ltr'><strong>Anthonium</strong></span> <span class='ocrx_word' id='word_1_39' title='bbox 968 351 1016 390; x_wconf 91' lang='lat' dir='ltr'><strong>de</strong></span> <span class='ocrx_word' id='word_1_40' title='bbox 1057 350 1169 389; x_wconf 83' lang='lat' dir='ltr'>Pisis</span> <span class='ocrx_word' id='word_1_41' title='bbox 1209 348 1508 387; x_wconf 85' lang='lat' dir='ltr'><strong>commissarios</strong></span> <span class='ocrx_word' id='word_1_42' title='bbox 1551 347 1759 386; x_wconf 87' lang='lat' dir='ltr'><strong>constituit</strong></span> <span class='ocrx_word' id='word_1_43' title='bbox 1794 345 1845 384; x_wconf 89' lang='lat' dir='ltr'><strong>ad</strong></span> <span class='ocrx_word' id='word_1_44' title='bbox 1880 345 2173 399; x_wconf 89' lang='lat' dir='ltr'><strong>procedendum</strong></span> <span class='ocrx_word' id='word_1_45' title='bbox 2209 348 2247 385; x_wconf 89' lang='lat' dir='ltr'><strong>in</strong></span> <span class='ocrx_word' id='word_1_46' title='bbox 2285 361 2406 388; x_wconf 87' lang='lat' dir='ltr'><strong>causa</strong></span> <span class='ocrx_word' id='word_1_47' title='bbox 2436 350 2534 388; x_wconf 89' lang='lat' dir='ltr'><strong>inter</strong></span> 
     </span>
     <span class='ocr_line' id='line_1_14' title="bbox 310 413 2534 477; baseline -0.005 -7"><span class='ocrx_word' id='word_1_48' title='bbox 310 430 471 470; x_wconf 89' lang='lat' dir='ltr'><strong>Ericum</strong></span> <span class='ocrx_word' id='word_1_49' title='bbox 487 430 620 470; x_wconf 79' lang='lat' dir='ltr'><strong>Daciae</strong></span> <span class='ocrx_word' id='word_1_50' title='bbox 637 432 709 467; x_wconf 90' lang='lat' dir='ltr'><strong>etc.</strong></span> <span class='ocrx_word' id='word_1_51' title='bbox 728 438 857 477; x_wconf 87' lang='lat' dir='ltr'><strong>regem</strong></span> <span class='ocrx_word' id='word_1_52' title='bbox 874 422 923 462; x_wconf 86' lang='lat' dir='ltr'><strong>ab</strong></span> <span class='ocrx_word' id='word_1_53' title='bbox 939 434 1028 467; x_wconf 83' lang='lat' dir='ltr'><strong>una,</strong></span> <span class='ocrx_word' id='word_1_54' title='bbox 1054 423 1093 458; x_wconf 82' lang='lat' dir='ltr'><strong>et</strong></span> <span class='ocrx_word' id='word_1_55' title='bbox 1107 417 1344 463; x_wconf 87' lang='lat' dir='ltr'><strong>Heinricum,</strong></span> <span class='ocrx_word' id='word_1_56' title='bbox 1369 415 1572 462; x_wconf 88' lang='lat' dir='ltr'><strong>Adolfum,</strong></span> <span class='ocrx_word' id='word_1_57' title='bbox 1589 413 1852 463; x_wconf 88' lang='lat' dir='ltr'><strong>Gerhardum,</strong></span> <span class='ocrx_word' id='word_1_58' title='bbox 1879 415 2002 454; x_wconf 94' lang='lat' dir='ltr'><strong>duces</strong></span> <span class='ocrx_word' id='word_1_59' title='bbox 2018 415 2296 456; x_wconf 67' lang='lat' dir='ltr'><strong>Slesvicenses</strong></span> <span class='ocrx_word' id='word_1_60' title='bbox 2312 422 2351 456; x_wconf 91' lang='lat' dir='ltr'><strong>et</strong></span> <span class='ocrx_word' id='word_1_61' title='bbox 2365 420 2534 458; x_wconf 83' lang='lat' dir='ltr'><strong>comites</strong></span> 
     </span>
     <span class='ocr_line' id='line_1_15' title="bbox 311 485 2532 543; baseline -0.005 -4"><span class='ocrx_word' id='word_1_62' title='bbox 311 500 360 539; x_wconf 92' lang='lat' dir='ltr'><strong>de</strong></span> <span class='ocrx_word' id='word_1_63' title='bbox 385 500 552 539; x_wconf 92' lang='lat' dir='ltr'><strong>Holsten</strong></span> <span class='ocrx_word' id='word_1_64' title='bbox 577 502 650 537; x_wconf 91' lang='lat' dir='ltr'><strong>etc.</strong></span> <span class='ocrx_word' id='word_1_65' title='bbox 675 495 722 535; x_wconf 84' lang='lat' dir='ltr'><strong>ab</strong></span> <span class='ocrx_word' id='word_1_66' title='bbox 747 494 865 534; x_wconf 87' lang='lat' dir='ltr'><strong>altera</strong></span> <span class='ocrx_word' id='word_1_67' title='bbox 888 494 1008 543; x_wconf 84' lang='lat' dir='ltr'><strong>parte,</strong></span> <span class='ocrx_word' id='word_1_68' title='bbox 1033 489 1082 527; x_wconf 90' lang='lat' dir='ltr'><strong>de</strong></span> <span class='ocrx_word' id='word_1_69' title='bbox 1103 487 1238 526; x_wconf 86' lang='lat' dir='ltr'><strong>litibus</strong></span> <span class='ocrx_word' id='word_1_70' title='bbox 1263 487 1361 524; x_wconf 91' lang='lat' dir='ltr'><strong>inter</strong></span> <span class='ocrx_word' id='word_1_71' title='bbox 1384 499 1456 524; x_wconf 93' lang='lat' dir='ltr'><strong>eos</strong></span> <span class='ocrx_word' id='word_1_72' title='bbox 1479 486 1626 524; x_wconf 78' lang='lat' dir='ltr'><strong>exortis</strong></span> <span class='ocrx_word' id='word_1_73' title='bbox 1652 486 1863 524; x_wconf 83' lang='lat' dir='ltr'><strong>occasione</strong></span> <span class='ocrx_word' id='word_1_74' title='bbox 1885 488 1996 524; x_wconf 86' lang='lat' dir='ltr'><strong>terrae</strong></span> <span class='ocrx_word' id='word_1_75' title='bbox 2021 485 2132 525; x_wconf 85' lang='lat' dir='ltr'><strong>dictae</strong></span> <span class='ocrx_word' id='word_1_76' title='bbox 2155 485 2338 535; x_wconf 90' lang='lat' dir='ltr'><strong>Judland,</strong></span> <span class='ocrx_word' id='word_1_77' title='bbox 2363 487 2532 542; x_wconf 87' lang='lat' dir='ltr'><strong>Gottorp</strong></span> 
     </span>
    </p>
   </div>
   <div class='ocr_carea' id='block_1_12' title="bbox 310 553 2530 674">
    <p class='ocr_par' dir='ltr' id='par_1_12' title="bbox 310 553 2530 674">
     <span class='ocr_line' id='line_1_16' title="bbox 310 553 2530 615; baseline -0.011 -6"><span class='ocrx_word' id='word_1_78' title='bbox 310 573 384 609; x_wconf 84' lang='lat' dir='ltr'><strong>etc.</strong></span> <span class='ocrx_word' id='word_1_79' title='bbox 404 590 452 597; x_wconf 82' lang='lat'><strong>——</strong></span> <span class='ocrx_word' id='word_1_80' title='bbox 470 569 610 615; x_wconf 73' lang='lat' dir='ltr'><strong>Budae,</strong></span> <span class='ocrx_word' id='word_1_81' title='bbox 644 565 706 604; x_wconf 87' lang='lat' dir='ltr'><strong>die</strong></span> <span class='ocrx_word' id='word_1_82' title='bbox 720 562 823 602; x_wconf 71' lang='lat' dir='ltr'>VIII.</span> <span class='ocrx_word' id='word_1_83' title='bbox 839 558 1052 604; x_wconf 81' lang='lat' dir='ltr'><strong>Februarii,</strong></span> <span class='ocrx_word' id='word_1_84' title='bbox 1076 570 1228 608; x_wconf 82' lang='lat' dir='ltr'><strong>regnor.</strong></span> <span class='ocrx_word' id='word_1_85' title='bbox 1246 555 1457 607; x_wconf 77' lang='lat' dir='ltr'><strong>Hungariae</strong></span> <span class='ocrx_word' id='word_1_86' title='bbox 1480 569 1582 594; x_wconf 89' lang='lat' dir='ltr'><strong>anno</strong></span> <span class='ocrx_word' id='word_1_87' title='bbox 1597 553 1810 594; x_wconf 88' lang='lat' dir='ltr'>XXXVII.</span> <span class='ocrx_word' id='word_1_88' title='bbox 1826 555 1996 595; x_wconf 87' lang='lat' dir='ltr'><strong>Roman.</strong></span> <span class='ocrx_word' id='word_1_89' title='bbox 2014 555 2142 596; x_wconf 89' lang='lat' dir='ltr'>XIIII.</span> <span class='ocrx_word' id='word_1_90' title='bbox 2159 557 2361 597; x_wconf 81' lang='lat' dir='ltr'><strong>Bohemiae</strong></span> <span class='ocrx_word' id='word_1_91' title='bbox 2377 562 2530 611; x_wconf 62' lang='lat' dir='ltr'><strong>qual-10,</strong></span> 
     </span>
     <span class='ocr_line' id='line_1_17' title="bbox 703 624 1356 674; baseline -0.023 -7"><span class='ocrx_word' id='word_1_92' title='bbox 703 631 887 674; x_wconf 74' lang='lat' dir='ltr'><strong>Langebek</strong></span> <span class='ocrx_word' id='word_1_93' title='bbox 911 627 1051 671; x_wconf 81' lang='lat' dir='ltr'><strong>Scriptt.</strong></span> <span class='ocrx_word' id='word_1_94' title='bbox 1076 626 1156 658; x_wconf 79' lang='lat' dir='ltr'><strong>VH.</strong></span> <span class='ocrx_word' id='word_1_95' title='bbox 1182 624 1356 658; x_wconf 79' lang='lat'><strong>264-66,</strong></span> 
     </span>
    </p>
   </div>
   <div class='ocr_carea' id='block_1_13' title="bbox 301 684 2535 1432">
    <p class='ocr_par' dir='ltr' id='par_1_13' title="bbox 307 684 2535 962">
     <span class='ocr_line' id='line_1_18' title="bbox 568 684 2535 747; baseline -0.006 -11"><span class='ocrx_word' id='word_1_96' title='bbox 568 696 723 747; x_wconf 60' lang='lat'>[3387]</span> <span class='ocrx_word' id='word_1_97' title='bbox 779 693 1078 733; x_wconf 67' lang='lat' dir='ltr'><strong>JURAnENTUM</strong></span> <span class='ocrx_word' id='word_1_98' title='bbox 1111 699 1385 736; x_wconf 67' lang='lat' dir='ltr'><strong>nnnc&#39;moms,</strong></span> <span class='ocrx_word' id='word_1_99' title='bbox 1432 684 1541 739; x_wconf 93' lang='lat' dir='ltr'><strong>quod</strong></span> <span class='ocrx_word' id='word_1_100' title='bbox 1570 686 1618 733; x_wconf 92' lang='lat' dir='ltr'><strong>ii,</strong></span> <span class='ocrx_word' id='word_1_101' title='bbox 1661 686 1758 725; x_wconf 88' lang='lat' dir='ltr'><strong>inter</strong></span> <span class='ocrx_word' id='word_1_102' title='bbox 1795 699 1900 739; x_wconf 87' lang='lat' dir='ltr'><strong>quos</strong></span> <span class='ocrx_word' id='word_1_103' title='bbox 1935 687 2152 740; x_wconf 89' lang='lat' dir='ltr'><strong>episcopus</strong></span> <span class='ocrx_word' id='word_1_104' title='bbox 2189 690 2424 729; x_wconf 88' lang='lat' dir='ltr'><strong>Arusiensis</strong></span> <span class='ocrx_word' id='word_1_105' title='bbox 2450 694 2535 729; x_wconf 84' lang='lat' dir='ltr'><strong>erat</strong></span> 
     </span>
     <span class='ocr_line' id='line_1_19' title="bbox 309 756 2534 821; baseline -0.005 -12"><span class='ocrx_word' id='word_1_106' title='bbox 309 769 525 821; x_wconf 85' lang='lat' dir='ltr'><strong>eligendus,</strong></span> <span class='ocrx_word' id='word_1_107' title='bbox 555 768 680 806; x_wconf 84' lang='lat' dir='ltr'><strong>facere</strong></span> <span class='ocrx_word' id='word_1_108' title='bbox 710 762 912 807; x_wconf 81' lang='lat' dir='ltr'><strong>debebant,</strong></span> <span class='ocrx_word' id='word_1_109' title='bbox 943 772 1110 798; x_wconf 88' lang='lat' dir='ltr'><strong>unacum</strong></span> <span class='ocrx_word' id='word_1_110' title='bbox 1141 757 1369 795; x_wconf 86' lang='lat' dir='ltr'><strong>testimonio</strong></span> <span class='ocrx_word' id='word_1_111' title='bbox 1401 756 1565 795; x_wconf 86' lang='lat' dir='ltr'><strong>Arnoldi</strong></span> <span class='ocrx_word' id='word_1_112' title='bbox 1590 756 1788 804; x_wconf 86' lang='lat' dir='ltr'><strong>Nicholai,</strong></span> <span class='ocrx_word' id='word_1_113' title='bbox 1819 758 1950 796; x_wconf 88' lang='lat' dir='ltr'><strong>clerici</strong></span> <span class='ocrx_word' id='word_1_114' title='bbox 1980 758 2103 798; x_wconf 88' lang='lat' dir='ltr'><strong>Arus.</strong></span> <span class='ocrx_word' id='word_1_115' title='bbox 2132 758 2306 798; x_wconf 81' lang='lat' dir='ltr'><strong>dioeces.</strong></span> <span class='ocrx_word' id='word_1_116' title='bbox 2328 763 2368 798; x_wconf 92' lang='lat' dir='ltr'><strong>et</strong></span> <span class='ocrx_word' id='word_1_117' title='bbox 2387 758 2534 813; x_wconf 88' lang='lat' dir='ltr'><strong>publici</strong></span> 
     </span>
     <span class='ocr_line' id='line_1_20' title="bbox 308 826 2533 891; baseline -0.004 -13"><span class='ocrx_word' id='word_1_118' title='bbox 308 838 495 891; x_wconf 88' lang='lat' dir='ltr'><strong>imperiali</strong></span> <span class='ocrx_word' id='word_1_119' title='bbox 525 836 754 875; x_wconf 86' lang='lat' dir='ltr'><strong>auctoritate</strong></span> <span class='ocrx_word' id='word_1_120' title='bbox 782 831 943 876; x_wconf 87' lang='lat' dir='ltr'><strong>notarii,</strong></span> <span class='ocrx_word' id='word_1_121' title='bbox 973 828 1037 868; x_wconf 86' lang='lat' dir='ltr'><strong>his</strong></span> <span class='ocrx_word' id='word_1_122' title='bbox 1066 828 1192 866; x_wconf 88' lang='lat' dir='ltr'><strong>literis</strong></span> <span class='ocrx_word' id='word_1_123' title='bbox 1221 826 1391 879; x_wconf 86' lang='lat' dir='ltr'><strong>adjecto.</strong></span> <span class='ocrx_word' id='word_1_124' title='bbox 1436 849 1490 856; x_wconf 89' lang='lat'>—</span> <span class='ocrx_word' id='word_1_125' title='bbox 1533 826 1583 866; x_wconf 83' lang='lat' dir='ltr'><strong>In</strong></span> <span class='ocrx_word' id='word_1_126' title='bbox 1612 827 1734 867; x_wconf 90' lang='lat' dir='ltr'><strong>domo</strong></span> <span class='ocrx_word' id='word_1_127' title='bbox 1764 829 1991 881; x_wconf 76' lang='lat' dir='ltr'><strong>capitulari</strong></span> <span class='ocrx_word' id='word_1_128' title='bbox 2018 830 2059 867; x_wconf 82' lang='lat' dir='ltr'><strong>in</strong></span> <span class='ocrx_word' id='word_1_129' title='bbox 2090 830 2269 869; x_wconf 77' lang='lat' dir='ltr'><strong>ecclesia</strong></span> <span class='ocrx_word' id='word_1_130' title='bbox 2297 831 2427 879; x_wconf 71' lang='lat' dir='ltr'><strong>Aras,</strong></span> <span class='ocrx_word' id='word_1_131' title='bbox 2470 830 2533 870; x_wconf 87' lang='lat' dir='ltr'><strong>die</strong></span> 
     </span>
     <span class='ocr_line' id='line_1_21' title="bbox 307 897 2275 962; baseline -0.005 -15"><span class='ocrx_word' id='word_1_132' title='bbox 307 908 556 962; x_wconf 87' lang='lat' dir='ltr'><strong>quindecimo</strong></span> <span class='ocrx_word' id='word_1_133' title='bbox 585 903 807 948; x_wconf 83' lang='lat' dir='ltr'><strong>Februarii,</strong></span> <span class='ocrx_word' id='word_1_134' title='bbox 837 899 973 953; x_wconf 85' lang='lat' dir='ltr'><strong>pontif.</strong></span> <span class='ocrx_word' id='word_1_135' title='bbox 1003 898 1163 939; x_wconf 86' lang='lat' dir='ltr'><strong>Martini</strong></span> <span class='ocrx_word' id='word_1_136' title='bbox 1193 910 1305 950; x_wconf 86' lang='lat' dir='ltr'><strong>papae</strong></span> <span class='ocrx_word' id='word_1_137' title='bbox 1335 897 1458 950; x_wconf 89' lang='lat' dir='ltr'><strong>quinti</strong></span> <span class='ocrx_word' id='word_1_138' title='bbox 1488 910 1589 936; x_wconf 91' lang='lat' dir='ltr'><strong>anno</strong></span> <span class='ocrx_word' id='word_1_139' title='bbox 1618 898 1813 950; x_wconf 88' lang='lat' dir='ltr'><strong>septimo,</strong></span> <span class='ocrx_word' id='word_1_140' title='bbox 1845 898 2057 939; x_wconf 84' lang='lat' dir='ltr'><strong>indictione</strong></span> <span class='ocrx_word' id='word_1_141' title='bbox 2087 899 2275 939; x_wconf 89' lang='lat' dir='ltr'><strong>secunda.</strong></span> 
     </span>
    </p>

    <p class='ocr_par' dir='ltr' id='par_1_14' title="bbox 698 966 1339 1012">
     <span class='ocr_line' id='line_1_22' title="bbox 698 966 1339 1012; baseline -0.006 -9"><span class='ocrx_word' id='word_1_142' title='bbox 698 970 886 1012; x_wconf 75' lang='lat' dir='ltr'><strong>Langebek</strong></span> <span class='ocrx_word' id='word_1_143' title='bbox 914 968 1052 1012; x_wconf 82' lang='lat' dir='ltr'><strong>Scriptt.</strong></span> <span class='ocrx_word' id='word_1_144' title='bbox 1077 969 1141 1000; x_wconf 89' lang='lat' dir='ltr'><strong>Vl.</strong></span> <span class='ocrx_word' id='word_1_145' title='bbox 1166 966 1339 1000; x_wconf 68' lang='lat'><strong>464-65.</strong></span> 
     </span>
    </p>

    <p class='ocr_par' dir='ltr' id='par_1_15' title="bbox 301 1028 2534 1432">
     <span class='ocr_line' id='line_1_23' title="bbox 565 1028 2534 1084; baseline -0.001 -11"><span class='ocrx_word' id='word_1_146' title='bbox 565 1034 723 1084; x_wconf 66' lang='lat'>[3388]</span> <span class='ocrx_word' id='word_1_147' title='bbox 782 1031 938 1071; x_wconf 74' lang='lat' dir='ltr'><strong>Enrcus</strong></span> <span class='ocrx_word' id='word_1_148' title='bbox 983 1044 1049 1068; x_wconf 83' lang='lat' dir='ltr'><strong>rex</strong></span> <span class='ocrx_word' id='word_1_149' title='bbox 1093 1028 1276 1068; x_wconf 88' lang='lat' dir='ltr'><strong>dominos</strong></span> <span class='ocrx_word' id='word_1_150' title='bbox 1311 1028 1471 1069; x_wconf 88' lang='lat' dir='ltr'><strong>Ericum</strong></span> <span class='ocrx_word' id='word_1_151' title='bbox 1506 1029 1770 1077; x_wconf 85' lang='lat' dir='ltr'><strong>Krumedike,</strong></span> <span class='ocrx_word' id='word_1_152' title='bbox 1814 1032 2047 1083; x_wconf 77' lang='lat' dir='ltr'><strong>magistrum</strong></span> <span class='ocrx_word' id='word_1_153' title='bbox 2092 1031 2205 1070; x_wconf 83' lang='lat' dir='ltr'><strong>curiae</strong></span> <span class='ocrx_word' id='word_1_154' title='bbox 2248 1045 2332 1070; x_wconf 85' lang='lat' dir='ltr'><strong>suae</strong></span> <span class='ocrx_word' id='word_1_155' title='bbox 2366 1031 2534 1084; x_wconf 81' lang='lat' dir='ltr'><strong>regalis,</strong></span> 
     </span>
     <span class='ocr_line' id='line_1_24' title="bbox 304 1099 2530 1151; baseline -0.002 -4"><span class='ocrx_word' id='word_1_156' title='bbox 304 1107 546 1147; x_wconf 81' lang='lat' dir='ltr'><strong>Absalonem</strong></span> <span class='ocrx_word' id='word_1_157' title='bbox 588 1104 713 1149; x_wconf 88' lang='lat' dir='ltr'><strong>Petri,</strong></span> <span class='ocrx_word' id='word_1_158' title='bbox 757 1100 936 1147; x_wconf 84' lang='lat' dir='ltr'><strong>militem,</strong></span> <span class='ocrx_word' id='word_1_159' title='bbox 983 1099 1167 1139; x_wconf 88' lang='lat' dir='ltr'><strong>Olawum</strong></span> <span class='ocrx_word' id='word_1_160' title='bbox 1209 1099 1409 1147; x_wconf 89' lang='lat' dir='ltr'><strong>Jonsson,</strong></span> <span class='ocrx_word' id='word_1_161' title='bbox 1455 1100 1684 1139; x_wconf 81' lang='lat' dir='ltr'><strong>scutiferum</strong></span> <span class='ocrx_word' id='word_1_162' title='bbox 1723 1105 1763 1140; x_wconf 90' lang='lat' dir='ltr'><strong>et</strong></span> <span class='ocrx_word' id='word_1_163' title='bbox 1797 1101 2024 1149; x_wconf 86' lang='lat' dir='ltr'><strong>militarem,</strong></span> <span class='ocrx_word' id='word_1_164' title='bbox 2069 1115 2116 1141; x_wconf 88' lang='lat' dir='ltr'><strong>ac</strong></span> <span class='ocrx_word' id='word_1_165' title='bbox 2150 1101 2369 1142; x_wconf 87' lang='lat' dir='ltr'><strong>Johannem</strong></span> <span class='ocrx_word' id='word_1_166' title='bbox 2405 1102 2530 1151; x_wconf 86' lang='lat' dir='ltr'><strong>Petti,</strong></span> 
     </span>
     <span class='ocr_line' id='line_1_25' title="bbox 305 1170 2533 1228; baseline -0.001 -11"><span class='ocrx_word' id='word_1_167' title='bbox 305 1178 534 1217; x_wconf 86' lang='lat' dir='ltr'><strong>canonicum</strong></span> <span class='ocrx_word' id='word_1_168' title='bbox 562 1173 816 1214; x_wconf 80' lang='lat' dir='ltr'><strong>Lundenseni</strong></span> <span class='ocrx_word' id='word_1_169' title='bbox 842 1175 881 1210; x_wconf 92' lang='lat' dir='ltr'><strong>et</strong></span> <span class='ocrx_word' id='word_1_170' title='bbox 908 1170 1219 1210; x_wconf 86' lang='lat' dir='ltr'><strong>Roskildensern</strong></span> <span class='ocrx_word' id='word_1_171' title='bbox 1248 1173 1365 1223; x_wconf 86' lang='lat' dir='ltr'><strong>atque</strong></span> <span class='ocrx_word' id='word_1_172' title='bbox 1396 1170 1670 1210; x_wconf 80' lang='lat' dir='ltr'><strong>cancellarium</strong></span> <span class='ocrx_word' id='word_1_173' title='bbox 1701 1172 1829 1223; x_wconf 82' lang='lat' dir='ltr'><strong>regis,</strong></span> <span class='ocrx_word' id='word_1_174' title='bbox 1868 1172 2074 1211; x_wconf 88' lang='lat' dir='ltr'><strong>constituit</strong></span> <span class='ocrx_word' id='word_1_175' title='bbox 2102 1175 2376 1228; x_wconf 71' lang='lat' dir='ltr'><strong>procuratores</strong></span> <span class='ocrx_word' id='word_1_176' title='bbox 2405 1173 2456 1212; x_wconf 90' lang='lat' dir='ltr'><strong>ad</strong></span> <span class='ocrx_word' id='word_1_177' title='bbox 2486 1188 2533 1215; x_wconf 85' lang='lat' dir='ltr'><strong>se</strong></span> 
     </span>
     <span class='ocr_line' id='line_1_26' title="bbox 303 1240 2532 1300; baseline -0.001 -14"><span class='ocrx_word' id='word_1_178' title='bbox 303 1247 558 1300; x_wconf 81' lang='lat' dir='ltr'><strong>personaliter</strong></span> <span class='ocrx_word' id='word_1_179' title='bbox 594 1240 909 1298; x_wconf 79' lang='lat' dir='ltr'><strong>praesentandum</strong></span> <span class='ocrx_word' id='word_1_180' title='bbox 945 1253 1076 1280; x_wconf 87' lang='lat' dir='ltr'><strong>coram</strong></span> <span class='ocrx_word' id='word_1_181' title='bbox 1106 1241 1382 1279; x_wconf 84' lang='lat' dir='ltr'><strong>commissario</strong></span> <span class='ocrx_word' id='word_1_182' title='bbox 1413 1254 1486 1279; x_wconf 90' lang='lat' dir='ltr'><strong>seu</strong></span> <span class='ocrx_word' id='word_1_183' title='bbox 1515 1243 1822 1289; x_wconf 85' lang='lat' dir='ltr'><strong>commissariis,</strong></span> <span class='ocrx_word' id='word_1_184' title='bbox 1860 1243 2090 1282; x_wconf 84' lang='lat' dir='ltr'><strong>constitutis</strong></span> <span class='ocrx_word' id='word_1_185' title='bbox 2120 1256 2190 1295; x_wconf 90' lang='lat' dir='ltr'><strong>per</strong></span> <span class='ocrx_word' id='word_1_186' title='bbox 2219 1242 2532 1295; x_wconf 76' lang='lat' dir='ltr'><strong>sigismundum,</strong></span> 
     </span>
     <span class='ocr_line' id='line_1_27' title="bbox 301 1309 2532 1365; baseline -0 -9"><span class='ocrx_word' id='word_1_187' title='bbox 301 1318 567 1357; x_wconf 87' lang='lat' dir='ltr'><strong>Romanorum</strong></span> <span class='ocrx_word' id='word_1_188' title='bbox 604 1326 752 1365; x_wconf 80' lang='lat' dir='ltr'><strong>regem,</strong></span> <span class='ocrx_word' id='word_1_189' title='bbox 797 1311 846 1350; x_wconf 92' lang='lat' dir='ltr'><strong>de</strong></span> <span class='ocrx_word' id='word_1_190' title='bbox 882 1314 923 1351; x_wconf 88' lang='lat' dir='ltr'><strong>et</strong></span> <span class='ocrx_word' id='word_1_191' title='bbox 960 1324 1080 1364; x_wconf 89' lang='lat' dir='ltr'><strong>super</strong></span> <span class='ocrx_word' id='word_1_192' title='bbox 1117 1309 1253 1350; x_wconf 88' lang='lat' dir='ltr'><strong>litibus</strong></span> <span class='ocrx_word' id='word_1_193' title='bbox 1291 1312 1390 1350; x_wconf 89' lang='lat' dir='ltr'><strong>inter</strong></span> <span class='ocrx_word' id='word_1_194' title='bbox 1426 1309 1586 1350; x_wconf 88' lang='lat' dir='ltr'><strong>Ericum</strong></span> <span class='ocrx_word' id='word_1_195' title='bbox 1622 1312 1754 1351; x_wconf 84' lang='lat' dir='ltr'><strong>Daciae</strong></span> <span class='ocrx_word' id='word_1_196' title='bbox 1798 1326 1929 1365; x_wconf 82' lang='lat' dir='ltr'><strong>regem</strong></span> <span class='ocrx_word' id='word_1_197' title='bbox 1973 1315 2013 1351; x_wconf 90' lang='lat' dir='ltr'><strong>et</strong></span> <span class='ocrx_word' id='word_1_198' title='bbox 2048 1311 2272 1359; x_wconf 89' lang='lat' dir='ltr'><strong>Hinricum,</strong></span> <span class='ocrx_word' id='word_1_199' title='bbox 2322 1313 2532 1363; x_wconf 85' lang='lat' dir='ltr'><strong>Adolfum,</strong></span> 
     </span>
     <span class='ocr_line' id='line_1_28' title="bbox 303 1379 2533 1432; baseline -0 -7"><span class='ocrx_word' id='word_1_200' title='bbox 303 1385 564 1431; x_wconf 84' lang='lat' dir='ltr'><strong>Gherardum,</strong></span> <span class='ocrx_word' id='word_1_201' title='bbox 603 1383 723 1422; x_wconf 85' lang='lat' dir='ltr'><strong>duces</strong></span> <span class='ocrx_word' id='word_1_202' title='bbox 755 1382 1032 1421; x_wconf 87' lang='lat' dir='ltr'><strong>Slesvicenses</strong></span> <span class='ocrx_word' id='word_1_203' title='bbox 1071 1381 1229 1420; x_wconf 86' lang='lat' dir='ltr'><strong>exortis.</strong></span> <span class='ocrx_word' id='word_1_204' title='bbox 1269 1402 1319 1409; x_wconf 92' lang='lat'><strong>-—</strong></span> <span class='ocrx_word' id='word_1_205' title='bbox 1369 1379 1604 1431; x_wconf 78' lang='lat' dir='ltr'><strong>Cracovz&#39;oe,</strong></span> <span class='ocrx_word' id='word_1_206' title='bbox 1650 1382 1714 1422; x_wconf 85' lang='lat' dir='ltr'><strong>die</strong></span> <span class='ocrx_word' id='word_1_207' title='bbox 1749 1383 1933 1423; x_wconf 84' lang='lat' dir='ltr'><strong>Mercurii</strong></span> <span class='ocrx_word' id='word_1_208' title='bbox 1965 1382 2055 1422; x_wconf 79' lang='lat' dir='ltr'><strong>XV.</strong></span> <span class='ocrx_word' id='word_1_209' title='bbox 2093 1384 2243 1422; x_wconf 89' lang='lat' dir='ltr'><strong>mensis</strong></span> <span class='ocrx_word' id='word_1_210' title='bbox 2280 1383 2436 1432; x_wconf 82' lang='lat' dir='ltr'><strong>Martii,</strong></span> <span class='ocrx_word' id='word_1_211' title='bbox 2479 1385 2533 1424; x_wconf 91' lang='lat' dir='ltr'><strong>in-</strong></span> 
     </span>
    </p>
   </div>
   <div class='ocr_carea' id='block_1_14' title="bbox 301 1449 1476 1564">
    <p class='ocr_par' dir='ltr' id='par_1_16' title="bbox 301 1449 1476 1564">
     <span class='ocr_line' id='line_1_29' title="bbox 301 1449 1476 1505; baseline -0.005 -10"><span class='ocrx_word' id='word_1_212' title='bbox 301 1456 468 1495; x_wconf 89' lang='lat' dir='ltr'><strong>dictione</strong></span> <span class='ocrx_word' id='word_1_213' title='bbox 497 1454 694 1501; x_wconf 87' lang='lat' dir='ltr'><strong>secunda,</strong></span> <span class='ocrx_word' id='word_1_214' title='bbox 725 1457 896 1505; x_wconf 84' lang='lat' dir='ltr'><strong>papatus</strong></span> <span class='ocrx_word' id='word_1_215' title='bbox 925 1450 1084 1490; x_wconf 83' lang='lat' dir='ltr'><strong>Martini</strong></span> <span class='ocrx_word' id='word_1_216' title='bbox 1115 1449 1177 1489; x_wconf 80' lang='lat' dir='ltr'><strong>Vti</strong></span> <span class='ocrx_word' id='word_1_217' title='bbox 1207 1465 1308 1490; x_wconf 86' lang='lat' dir='ltr'><strong>anno</strong></span> <span class='ocrx_word' id='word_1_218' title='bbox 1337 1450 1476 1490; x_wconf 63' lang='lat' dir='ltr'><strong>Vllum.</strong></span> 
     </span>
     <span class='ocr_line' id='line_1_30' title="bbox 694 1521 1354 1564; baseline -0.003 -9"><span class='ocrx_word' id='word_1_219' title='bbox 694 1523 884 1564; x_wconf 77' lang='lat' dir='ltr'><strong>Langebek</strong></span> <span class='ocrx_word' id='word_1_220' title='bbox 910 1522 1052 1564; x_wconf 85' lang='lat' dir='ltr'><strong>Scriptt.</strong></span> <span class='ocrx_word' id='word_1_221' title='bbox 1076 1522 1156 1554; x_wconf 83' lang='lat' dir='ltr'>VII.</span> <span class='ocrx_word' id='word_1_222' title='bbox 1182 1521 1354 1554; x_wconf 77' lang='lat'>311—12.</span> 
     </span>
    </p>
   </div>
   <div class='ocr_carea' id='block_1_15' title="bbox 296 1559 2530 1710">
    <p class='ocr_par' dir='ltr' id='par_1_17' title="bbox 296 1559 2530 1710">
     <span class='ocr_line' id='line_1_31' title="bbox 562 1559 2530 1642; baseline 0.001 -16"><span class='ocrx_word' id='word_1_223' title='bbox 562 1586 718 1635; x_wconf 62' lang='lat'>[3389]</span> <span class='ocrx_word' id='word_1_224' title='bbox 777 1585 896 1636; x_wconf 84' lang='lat' dir='ltr'><strong>Kong</strong></span> <span class='ocrx_word' id='word_1_225' title='bbox 923 1582 1039 1623; x_wconf 73' lang='lat' dir='ltr'><strong>Eam</strong></span> <span class='ocrx_word' id='word_1_226' title='bbox 1071 1584 1179 1636; x_wconf 82' lang='lat' dir='ltr'><strong>giver</strong></span> <span class='ocrx_word' id='word_1_227' title='bbox 1201 1582 1299 1623; x_wconf 84' lang='lat' dir='ltr'><strong>Erik</strong></span> <span class='ocrx_word' id='word_1_228' title='bbox 1316 1584 1536 1632; x_wconf 89' lang='lat' dir='ltr'><strong>Crumdike,</strong></span> <span class='ocrx_word' id='word_1_229' title='bbox 1566 1584 1664 1625; x_wconf 89' lang='lat' dir='ltr'><strong>Erik</strong></span> <span class='ocrx_word' id='word_1_230' title='bbox 1681 1559 1898 1624; x_wconf 82' lang='lat' dir='ltr'><strong>Petersson</strong></span> <span class='ocrx_word' id='word_1_231' title='bbox 1923 1600 1973 1638; x_wconf 79' lang='lat' dir='ltr'><strong>og</strong></span> <span class='ocrx_word' id='word_1_232' title='bbox 1995 1584 2142 1624; x_wconf 83' lang='lat' dir='ltr'><strong>Provst</strong></span> <span class='ocrx_word' id='word_1_233' title='bbox 2163 1584 2293 1626; x_wconf 84' lang='lat' dir='ltr'><strong>Johan</strong></span> <span class='ocrx_word' id='word_1_234' title='bbox 2318 1586 2362 1626; x_wconf 88' lang='lat' dir='ltr'><strong>af</strong></span> <span class='ocrx_word' id='word_1_235' title='bbox 2380 1587 2530 1642; x_wconf 82' lang='lat' dir='ltr'><strong>Camyn</strong></span> 
     </span>
     <span class='ocr_line' id='line_1_32' title="bbox 296 1653 2530 1710; baseline 0 -12"><span class='ocrx_word' id='word_1_236' title='bbox 296 1658 505 1710; x_wconf 86' lang='lat' dir='ltr'><strong>Fuldmagt</strong></span> <span class='ocrx_word' id='word_1_237' title='bbox 532 1657 574 1696; x_wconf 93' lang='lat' dir='ltr'><strong>til</strong></span> <span class='ocrx_word' id='word_1_238' title='bbox 602 1669 678 1709; x_wconf 85' lang='lat' dir='ltr'><strong>paa</strong></span> <span class='ocrx_word' id='word_1_239' title='bbox 707 1656 794 1694; x_wconf 87' lang='lat' dir='ltr'><strong>sine</strong></span> <span class='ocrx_word' id='word_1_240' title='bbox 822 1654 961 1706; x_wconf 82' lang='lat' dir='ltr'><strong>Vegne</strong></span> <span class='ocrx_word' id='word_1_241' title='bbox 986 1658 1025 1693; x_wconf 88' lang='lat' dir='ltr'><strong>at</strong></span> <span class='ocrx_word' id='word_1_242' title='bbox 1047 1653 1163 1693; x_wconf 70' lang='lat' dir='ltr'><strong>mode</strong></span> <span class='ocrx_word' id='word_1_243' title='bbox 1186 1654 1247 1693; x_wconf 88' lang='lat' dir='ltr'><strong>sor</strong></span> <span class='ocrx_word' id='word_1_244' title='bbox 1268 1653 1386 1706; x_wconf 84' lang='lat' dir='ltr'><strong>Kong</strong></span> <span class='ocrx_word' id='word_1_245' title='bbox 1411 1655 1645 1706; x_wconf 83' lang='lat' dir='ltr'><strong>Sigismund</strong></span> <span class='ocrx_word' id='word_1_246' title='bbox 1669 1657 1679 1694; x_wconf 92' lang='lat' dir='ltr'><strong>i</strong></span> <span class='ocrx_word' id='word_1_247' title='bbox 1706 1657 1834 1707; x_wconf 81' lang='lat' dir='ltr'><strong>Sagen</strong></span> <span class='ocrx_word' id='word_1_248' title='bbox 1860 1656 2012 1695; x_wconf 84' lang='lat' dir='ltr'><strong>mellem</strong></span> <span class='ocrx_word' id='word_1_249' title='bbox 2034 1655 2124 1695; x_wconf 88' lang='lat' dir='ltr'><strong>ham</strong></span> <span class='ocrx_word' id='word_1_250' title='bbox 2149 1670 2198 1708; x_wconf 80' lang='lat' dir='ltr'><strong>og</strong></span> <span class='ocrx_word' id='word_1_251' title='bbox 2220 1656 2269 1696; x_wconf 91' lang='lat' dir='ltr'><strong>de</strong></span> <span class='ocrx_word' id='word_1_252' title='bbox 2294 1657 2530 1710; x_wconf 84' lang='lat' dir='ltr'><strong>Slesvigske</strong></span> 
     </span>
    </p>
   </div>
   <div class='ocr_carea' id='block_1_16' title="bbox 296 1723 2530 1834">
    <p class='ocr_par' dir='ltr' id='par_1_18' title="bbox 296 1723 2530 1834">
     <span class='ocr_line' id='line_1_33' title="bbox 296 1723 2530 1781; baseline -0.001 -12"><span class='ocrx_word' id='word_1_253' title='bbox 296 1729 503 1781; x_wconf 82' lang='lat' dir='ltr'><strong>Hertuger.</strong></span> <span class='ocrx_word' id='word_1_254' title='bbox 529 1748 579 1755; x_wconf 91' lang='lat'>-</span> <span class='ocrx_word' id='word_1_255' title='bbox 608 1725 831 1771; x_wconf 74' lang='lat' dir='ltr'><strong>Cracovz&#39;ce,</strong></span> <span class='ocrx_word' id='word_1_256' title='bbox 863 1724 926 1763; x_wconf 87' lang='lat' dir='ltr'><strong>die</strong></span> <span class='ocrx_word' id='word_1_257' title='bbox 954 1723 1109 1764; x_wconf 90' lang='lat' dir='ltr'><strong>sabbati</strong></span> <span class='ocrx_word' id='word_1_258' title='bbox 1134 1738 1244 1777; x_wconf 78' lang='lat' dir='ltr'><strong>prox.</strong></span> <span class='ocrx_word' id='word_1_259' title='bbox 1270 1728 1359 1763; x_wconf 85' lang='lat' dir='ltr'><strong>ante</strong></span> <span class='ocrx_word' id='word_1_260' title='bbox 1390 1724 1493 1764; x_wconf 89' lang='lat' dir='ltr'><strong>dom.</strong></span> <span class='ocrx_word' id='word_1_261' title='bbox 1525 1725 1799 1765; x_wconf 87' lang='lat' dir='ltr'><strong>Reminiscere</strong></span> <span class='ocrx_word' id='word_1_262' title='bbox 1829 1727 1868 1766; x_wconf 93' lang='lat' dir='ltr'><strong>in</strong></span> <span class='ocrx_word' id='word_1_263' title='bbox 1899 1726 2213 1779; x_wconf 84' lang='lat' dir='ltr'><strong>quadragesima.</strong></span> <span class='ocrx_word' id='word_1_264' title='bbox 2270 1725 2530 1781; x_wconf 80' lang='lat' dir='ltr'><strong>(Plattydsk).</strong></span> 
     </span>
     <span class='ocr_line' id='line_1_34' title="bbox 694 1789 1260 1834; baseline -0.004 -9"><span class='ocrx_word' id='word_1_265' title='bbox 694 1792 886 1833; x_wconf 80' lang='lat' dir='ltr'><strong>Langebek</strong></span> <span class='ocrx_word' id='word_1_266' title='bbox 909 1790 1049 1834; x_wconf 87' lang='lat' dir='ltr'><strong>Scriptt.</strong></span> <span class='ocrx_word' id='word_1_267' title='bbox 1075 1791 1155 1823; x_wconf 79' lang='lat' dir='ltr'><strong>Vll.</strong></span> <span class='ocrx_word' id='word_1_268' title='bbox 1180 1789 1260 1823; x_wconf 82' lang='lat'><strong>396.</strong></span> 
     </span>
    </p>
   </div>
   <div class='ocr_carea' id='block_1_17' title="bbox 296 1852 2533 2601">
    <p class='ocr_par' dir='ltr' id='par_1_19' title="bbox 296 1852 2533 2332">
     <span class='ocr_line' id='line_1_35' title="bbox 560 1852 2532 1907; baseline 0.001 -13"><span class='ocrx_word' id='word_1_269' title='bbox 560 1854 716 1904; x_wconf 67' lang='lat'>[3390]</span> <span class='ocrx_word' id='word_1_270' title='bbox 773 1854 1125 1893; x_wconf 68' lang='lat' dir='ltr'><strong>Boncnmes’rnnss</strong></span> <span class='ocrx_word' id='word_1_271' title='bbox 1166 1865 1220 1891; x_wconf 87' lang='lat' dir='ltr'><strong>0G</strong></span> <span class='ocrx_word' id='word_1_272' title='bbox 1259 1852 1524 1892; x_wconf 64' lang='lat' dir='ltr'><strong>RAAnmmn</strong></span> <span class='ocrx_word' id='word_1_273' title='bbox 1564 1865 1578 1893; x_wconf 88' lang='lat'>1</span> <span class='ocrx_word' id='word_1_274' title='bbox 1618 1853 1770 1894; x_wconf 71' lang='lat' dir='ltr'><strong>Lirnm(</strong></span> <span class='ocrx_word' id='word_1_275' title='bbox 1809 1853 1925 1893; x_wconf 91' lang='lat' dir='ltr'><strong>deres</strong></span> <span class='ocrx_word' id='word_1_276' title='bbox 1954 1854 2229 1907; x_wconf 73' lang='lat' dir='ltr'><strong>Vidnesbyrd,</strong></span> <span class='ocrx_word' id='word_1_277' title='bbox 2274 1858 2313 1895; x_wconf 87' lang='lat' dir='ltr'><strong>at</strong></span> <span class='ocrx_word' id='word_1_278' title='bbox 2340 1855 2532 1896; x_wconf 87' lang='lat' dir='ltr'><strong>Albrecht</strong></span> 
     </span>
     <span class='ocr_line' id='line_1_36' title="bbox 296 1922 2532 1980; baseline 0 -14"><span class='ocrx_word' id='word_1_279' title='bbox 296 1925 405 1968; x_wconf 89' lang='lat' dir='ltr'><strong>Prist</strong></span> <span class='ocrx_word' id='word_1_280' title='bbox 434 1941 484 1979; x_wconf 79' lang='lat' dir='ltr'><strong>og</strong></span> <span class='ocrx_word' id='word_1_281' title='bbox 511 1925 654 1966; x_wconf 91' lang='lat' dir='ltr'><strong>Zmerd</strong></span> <span class='ocrx_word' id='word_1_282' title='bbox 683 1924 891 1974; x_wconf 70' lang='lat' dir='ltr'><strong>(Ziuerd‘3)</strong></span> <span class='ocrx_word' id='word_1_283' title='bbox 921 1924 1117 1964; x_wconf 81' lang='lat' dir='ltr'><strong>Rantzow</strong></span> <span class='ocrx_word' id='word_1_284' title='bbox 1148 1923 1207 1962; x_wconf 84' lang='lat' dir='ltr'><strong>sor</strong></span> <span class='ocrx_word' id='word_1_285' title='bbox 1237 1922 1325 1961; x_wconf 91' lang='lat' dir='ltr'><strong>dem</strong></span> <span class='ocrx_word' id='word_1_286' title='bbox 1355 1922 1454 1961; x_wconf 87' lang='lat' dir='ltr'><strong>have</strong></span> <span class='ocrx_word' id='word_1_287' title='bbox 1490 1922 1681 1971; x_wconf 87' lang='lat' dir='ltr'><strong>berettet,</strong></span> <span class='ocrx_word' id='word_1_288' title='bbox 1724 1928 1765 1964; x_wconf 88' lang='lat' dir='ltr'><strong>at</strong></span> <span class='ocrx_word' id='word_1_289' title='bbox 1803 1924 1852 1963; x_wconf 92' lang='lat' dir='ltr'><strong>de</strong></span> <span class='ocrx_word' id='word_1_290' title='bbox 1883 1929 1979 1968; x_wconf 79' lang='lat' dir='ltr'><strong>&#39;vare</strong></span> <span class='ocrx_word' id='word_1_291' title='bbox 2014 1925 2292 1974; x_wconf 83' lang='lat' dir='ltr'><strong>naervaerende,</strong></span> <span class='ocrx_word' id='word_1_292' title='bbox 2339 1925 2451 1966; x_wconf 70' lang='lat' dir='ltr'><strong>horte</strong></span> <span class='ocrx_word' id='word_1_293' title='bbox 2481 1941 2532 1980; x_wconf 87' lang='lat' dir='ltr'><strong>og</strong></span> 
     </span>
     <span class='ocr_line' id='line_1_37' title="bbox 299 1991 2533 2048; baseline -0 -11"><span class='ocrx_word' id='word_1_294' title='bbox 299 2011 413 2046; x_wconf 88' lang='lat' dir='ltr'><strong>saae,</strong></span> <span class='ocrx_word' id='word_1_295' title='bbox 458 2001 497 2036; x_wconf 87' lang='lat' dir='ltr'><strong>at</strong></span> <span class='ocrx_word' id='word_1_296' title='bbox 530 1996 680 2035; x_wconf 89' lang='lat' dir='ltr'><strong>Mester</strong></span> <span class='ocrx_word' id='word_1_297' title='bbox 717 1995 909 2034; x_wconf 76' lang='lat' dir='ltr'><strong>Nicclaus</strong></span> <span class='ocrx_word' id='word_1_298' title='bbox 949 1991 1286 2040; x_wconf 75' lang='lat' dir='ltr'><strong>Czeiselmeister,</strong></span> <span class='ocrx_word' id='word_1_299' title='bbox 1331 1992 1530 2032; x_wconf 84' lang='lat' dir='ltr'><strong>“Prouest</strong></span> <span class='ocrx_word' id='word_1_300' title='bbox 1566 1998 1607 2033; x_wconf 91' lang='lat' dir='ltr'><strong>to</strong></span> <span class='ocrx_word' id='word_1_301' title='bbox 1638 1993 1773 2047; x_wconf 86' lang='lat' dir='ltr'><strong>Tyn”,</strong></span> <span class='ocrx_word' id='word_1_302' title='bbox 1816 1995 2020 2048; x_wconf 84' lang='lat' dir='ltr'><strong>Fredagen</strong></span> <span class='ocrx_word' id='word_1_303' title='bbox 2056 1995 2117 2035; x_wconf 78' lang='lat' dir='ltr'><strong>fo&#39;r</strong></span> <span class='ocrx_word' id='word_1_304' title='bbox 2146 1995 2219 2035; x_wconf 77' lang='lat' dir='ltr'><strong>den</strong></span> <span class='ocrx_word' id='word_1_305' title='bbox 2249 1995 2533 2037; x_wconf 80' lang='lat' dir='ltr'><strong>sidstforledne</strong></span> 
     </span>
     <span class='ocr_line' id='line_1_38' title="bbox 298 2063 2531 2119; baseline 0 -12"><span class='ocrx_word' id='word_1_306' title='bbox 298 2068 460 2119; x_wconf 69' lang='lat' dir='ltr'><strong>Stindag</strong></span> <span class='ocrx_word' id='word_1_307' title='bbox 489 2066 603 2106; x_wconf 88' lang='lat' dir='ltr'><strong>Oculi</strong></span> <span class='ocrx_word' id='word_1_308' title='bbox 633 2079 711 2119; x_wconf 84' lang='lat' dir='ltr'><strong>paa</strong></span> <span class='ocrx_word' id='word_1_309' title='bbox 742 2065 937 2117; x_wconf 89' lang='lat' dir='ltr'><strong>Gottorp,</strong></span> <span class='ocrx_word' id='word_1_310' title='bbox 981 2064 1111 2103; x_wconf 82' lang='lat' dir='ltr'><strong>havde</strong></span> <span class='ocrx_word' id='word_1_311' title='bbox 1142 2063 1442 2103; x_wconf 82' lang='lat' dir='ltr'><strong>overantvordet</strong></span> <span class='ocrx_word' id='word_1_312' title='bbox 1469 2063 1623 2116; x_wconf 81' lang='lat' dir='ltr'><strong>Hertug</strong></span> <span class='ocrx_word' id='word_1_313' title='bbox 1648 2064 1798 2104; x_wconf 90' lang='lat' dir='ltr'><strong>Henrik</strong></span> <span class='ocrx_word' id='word_1_314' title='bbox 1834 2064 1896 2115; x_wconf 89' lang='lat' dir='ltr'><strong>(af</strong></span> <span class='ocrx_word' id='word_1_315' title='bbox 1921 2066 2096 2118; x_wconf 79' lang='lat' dir='ltr'><strong>Slesvig)</strong></span> <span class='ocrx_word' id='word_1_316' title='bbox 2134 2069 2174 2104; x_wconf 89' lang='lat' dir='ltr'><strong>to</strong></span> <span class='ocrx_word' id='word_1_317' title='bbox 2204 2064 2332 2106; x_wconf 89' lang='lat' dir='ltr'><strong>Breve</strong></span> <span class='ocrx_word' id='word_1_318' title='bbox 2367 2066 2424 2107; x_wconf 87' lang='lat' dir='ltr'><strong>fra</strong></span> <span class='ocrx_word' id='word_1_319' title='bbox 2455 2068 2531 2109; x_wconf 89' lang='lat' dir='ltr'><strong>den</strong></span> 
     </span>
     <span class='ocr_line' id='line_1_39' title="bbox 297 2134 2531 2192; baseline 0 -16"><span class='ocrx_word' id='word_1_320' title='bbox 297 2137 520 2176; x_wconf 83' lang='lat' dir='ltr'><strong>Romerske</strong></span> <span class='ocrx_word' id='word_1_321' title='bbox 548 2136 667 2188; x_wconf 79' lang='lat' dir='ltr'><strong>Kong</strong></span> <span class='ocrx_word' id='word_1_322' title='bbox 697 2135 946 2188; x_wconf 79' lang='lat' dir='ltr'><strong>Sigismund,</strong></span> <span class='ocrx_word' id='word_1_323' title='bbox 991 2149 1078 2174; x_wconf 88' lang='lat' dir='ltr'><strong>som</strong></span> <span class='ocrx_word' id='word_1_324' title='bbox 1110 2134 1298 2174; x_wconf 84' lang='lat' dir='ltr'><strong>stevnede</strong></span> <span class='ocrx_word' id='word_1_325' title='bbox 1326 2135 1527 2186; x_wconf 86' lang='lat' dir='ltr'><strong>Hertugen</strong></span> <span class='ocrx_word' id='word_1_326' title='bbox 1566 2149 1616 2187; x_wconf 85' lang='lat' dir='ltr'><strong>og</strong></span> <span class='ocrx_word' id='word_1_327' title='bbox 1652 2134 1754 2174; x_wconf 90' lang='lat' dir='ltr'><strong>hans</strong></span> <span class='ocrx_word' id='word_1_328' title='bbox 1789 2134 1943 2174; x_wconf 67' lang='lat' dir='ltr'><strong>Brodre</strong></span> <span class='ocrx_word' id='word_1_329' title='bbox 1979 2136 2019 2175; x_wconf 89' lang='lat' dir='ltr'><strong>til</strong></span> <span class='ocrx_word' id='word_1_330' title='bbox 2055 2140 2096 2175; x_wconf 90' lang='lat' dir='ltr'><strong>at</strong></span> <span class='ocrx_word' id='word_1_331' title='bbox 2131 2136 2249 2176; x_wconf 73' lang='lat' dir='ltr'><strong>mode</strong></span> <span class='ocrx_word' id='word_1_332' title='bbox 2280 2138 2290 2176; x_wconf 92' lang='lat' dir='ltr'><strong>i</strong></span> <span class='ocrx_word' id='word_1_333' title='bbox 2322 2137 2427 2177; x_wconf 84' lang='lat' dir='ltr'><strong>Ofen</strong></span> <span class='ocrx_word' id='word_1_334' title='bbox 2454 2151 2531 2192; x_wconf 89' lang='lat' dir='ltr'><strong>paa</strong></span> 
     </span>
     <span class='ocr_line' id='line_1_40' title="bbox 298 2203 2532 2260; baseline 0 -14"><span class='ocrx_word' id='word_1_335' title='bbox 298 2207 370 2246; x_wconf 89' lang='lat' dir='ltr'><strong>den</strong></span> <span class='ocrx_word' id='word_1_336' title='bbox 401 2207 601 2260; x_wconf 80' lang='lat' dir='ltr'><strong>Retsdag,</strong></span> <span class='ocrx_word' id='word_1_337' title='bbox 647 2221 733 2246; x_wconf 76' lang='lat' dir='ltr'><strong>soni</strong></span> <span class='ocrx_word' id='word_1_338' title='bbox 771 2220 839 2245; x_wconf 81' lang='lat' dir='ltr'><strong>var</strong></span> <span class='ocrx_word' id='word_1_339' title='bbox 874 2205 1086 2245; x_wconf 89' lang='lat' dir='ltr'><strong>berammet</strong></span> <span class='ocrx_word' id='word_1_340' title='bbox 1124 2205 1135 2244; x_wconf 90' lang='lat' dir='ltr'><strong>i</strong></span> <span class='ocrx_word' id='word_1_341' title='bbox 1167 2205 1296 2257; x_wconf 78' lang='lat' dir='ltr'><strong>Sagen</strong></span> <span class='ocrx_word' id='word_1_342' title='bbox 1334 2205 1486 2244; x_wconf 85' lang='lat' dir='ltr'><strong>mellem</strong></span> <span class='ocrx_word' id='word_1_343' title='bbox 1515 2203 1634 2258; x_wconf 79' lang='lat' dir='ltr'><strong>Kong</strong></span> <span class='ocrx_word' id='word_1_344' title='bbox 1661 2204 1759 2244; x_wconf 86' lang='lat' dir='ltr'><strong>Erik</strong></span> <span class='ocrx_word' id='word_1_345' title='bbox 1794 2205 1839 2244; x_wconf 87' lang='lat' dir='ltr'><strong>af</strong></span> <span class='ocrx_word' id='word_1_346' title='bbox 1861 2205 2061 2245; x_wconf 89' lang='lat' dir='ltr'><strong>Danmark</strong></span> <span class='ocrx_word' id='word_1_347' title='bbox 2097 2220 2149 2259; x_wconf 87' lang='lat' dir='ltr'><strong>og</strong></span> <span class='ocrx_word' id='word_1_348' title='bbox 2185 2206 2446 2259; x_wconf 81' lang='lat' dir='ltr'><strong>Hertugerne.</strong></span> <span class='ocrx_word' id='word_1_349' title='bbox 2477 2230 2532 2238; x_wconf 90' lang='lat'><strong>—-</strong></span> 
     </span>
     <span class='ocr_line' id='line_1_41' title="bbox 297 2269 2528 2332; baseline 0.001 -16"><span class='ocrx_word' id='word_1_350' title='bbox 297 2276 465 2330; x_wconf 76' lang='lat' dir='ltr'><strong>Lybelc,</strong></span> <span class='ocrx_word' id='word_1_351' title='bbox 496 2277 591 2316; x_wconf 86' lang='lat' dir='ltr'><strong>feria</strong></span> <span class='ocrx_word' id='word_1_352' title='bbox 622 2281 759 2330; x_wconf 86' lang='lat' dir='ltr'><strong>quarta</strong></span> <span class='ocrx_word' id='word_1_353' title='bbox 788 2280 886 2328; x_wconf 86' lang='lat' dir='ltr'><strong>post</strong></span> <span class='ocrx_word' id='word_1_354' title='bbox 917 2269 1312 2314; x_wconf 77' lang='lat' dir='ltr'><strong>dominicam&#39;Oculi.</strong></span> <span class='ocrx_word' id='word_1_355' title='bbox 2272 2278 2528 2332; x_wconf 79' lang='lat' dir='ltr'><strong>(Plattydsk).</strong></span> 
     </span>
    </p>

    <p class='ocr_par' dir='ltr' id='par_1_20' title="bbox 692 2341 1349 2385">
     <span class='ocr_line' id='line_1_42' title="bbox 692 2341 1349 2385; baseline -0.003 -8"><span class='ocrx_word' id='word_1_356' title='bbox 692 2343 880 2385; x_wconf 83' lang='lat' dir='ltr'><strong>Langebek</strong></span> <span class='ocrx_word' id='word_1_357' title='bbox 906 2341 1046 2385; x_wconf 86' lang='lat' dir='ltr'><strong>Scriptt.</strong></span> <span class='ocrx_word' id='word_1_358' title='bbox 1071 2342 1153 2374; x_wconf 63' lang='grc' dir='ltr'><strong>ΥΠ.</strong></span> <span class='ocrx_word' id='word_1_359' title='bbox 1177 2342 1349 2375; x_wconf 72' lang='lat'><strong>393—94.</strong></span> 
     </span>
    </p>

    <p class='ocr_par' dir='ltr' id='par_1_21' title="bbox 300 2404 2530 2601">
     <span class='ocr_line' id='line_1_43' title="bbox 560 2404 2527 2459; baseline 0.002 -15"><span class='ocrx_word' id='word_1_360' title='bbox 560 2405 716 2453; x_wconf 64' lang='lat'>[3391]</span> <span class='ocrx_word' id='word_1_361' title='bbox 774 2404 988 2443; x_wconf 72' lang='lat' dir='ltr'><strong>Lunovlcx</strong></span> <span class='ocrx_word' id='word_1_362' title='bbox 1035 2415 1088 2442; x_wconf 64' lang='lat' dir='ltr'><strong>nr:</strong></span> <span class='ocrx_word' id='word_1_363' title='bbox 1142 2404 1361 2444; x_wconf 54' lang='lat' dir='ltr'><strong>Cia-mus</strong></span> <span class='ocrx_word' id='word_1_364' title='bbox 1415 2417 1466 2443; x_wconf 73' lang='lat' dir='ltr'><strong>nn</strong></span> <span class='ocrx_word' id='word_1_365' title='bbox 1511 2404 1700 2444; x_wconf 65' lang='lat' dir='ltr'><strong>Vssnom</strong></span> <span class='ocrx_word' id='word_1_366' title='bbox 1753 2404 1901 2453; x_wconf 89' lang='lat' dir='ltr'><strong>literae,</strong></span> <span class='ocrx_word' id='word_1_367' title='bbox 1952 2404 2097 2459; x_wconf 86' lang='lat' dir='ltr'><strong>quibus</strong></span> <span class='ocrx_word' id='word_1_368' title='bbox 2143 2409 2256 2458; x_wconf 86' lang='lat' dir='ltr'><strong>rogat</strong></span> <span class='ocrx_word' id='word_1_369' title='bbox 2305 2405 2527 2456; x_wconf 90' lang='lat' dir='ltr'><strong>Hinricum,</strong></span> 
     </span>
     <span class='ocr_line' id='line_1_44' title="bbox 300 2473 2530 2529; baseline 0.002 -17"><span class='ocrx_word' id='word_1_370' title='bbox 300 2473 486 2514; x_wconf 84' lang='lat' dir='ltr'><strong>Adolfum</strong></span> <span class='ocrx_word' id='word_1_371' title='bbox 516 2479 555 2514; x_wconf 91' lang='lat' dir='ltr'><strong>et</strong></span> <span class='ocrx_word' id='word_1_372' title='bbox 585 2474 823 2521; x_wconf 89' lang='lat' dir='ltr'><strong>Gerardum,</strong></span> <span class='ocrx_word' id='word_1_373' title='bbox 854 2474 975 2513; x_wconf 90' lang='lat' dir='ltr'><strong>duces</strong></span> <span class='ocrx_word' id='word_1_374' title='bbox 1005 2474 1280 2513; x_wconf 84' lang='lat' dir='ltr'><strong>Slesvicenses</strong></span> <span class='ocrx_word' id='word_1_375' title='bbox 1313 2477 1352 2512; x_wconf 91' lang='lat' dir='ltr'><strong>et</strong></span> <span class='ocrx_word' id='word_1_376' title='bbox 1382 2476 1550 2513; x_wconf 88' lang='lat' dir='ltr'><strong>comites</strong></span> <span class='ocrx_word' id='word_1_377' title='bbox 1580 2474 1628 2513; x_wconf 87' lang='lat' dir='ltr'><strong>de</strong></span> <span class='ocrx_word' id='word_1_378' title='bbox 1657 2474 1826 2515; x_wconf 90' lang='lat' dir='ltr'><strong>Holsten</strong></span> <span class='ocrx_word' id='word_1_379' title='bbox 1857 2480 1953 2524; x_wconf 88' lang='lat' dir='ltr'><strong>etc.,</strong></span> <span class='ocrx_word' id='word_1_380' title='bbox 1996 2479 2039 2515; x_wconf 91' lang='lat' dir='ltr'><strong>ut</strong></span> <span class='ocrx_word' id='word_1_381' title='bbox 2067 2477 2224 2515; x_wconf 77' lang='lat' dir='ltr'><strong>veniant</strong></span> <span class='ocrx_word' id='word_1_382' title='bbox 2255 2476 2317 2515; x_wconf 90' lang='lat' dir='ltr'><strong>vel</strong></span> <span class='ocrx_word' id='word_1_383' title='bbox 2347 2491 2530 2529; x_wconf 86' lang='lat' dir='ltr'><strong>procura·</strong></span> 
     </span>
     <span class='ocr_line' id='line_1_45' title="bbox 300 2544 2530 2601; baseline 0.003 -20"><span class='ocrx_word' id='word_1_384' title='bbox 300 2547 406 2582; x_wconf 86' lang='lat' dir='ltr'><strong>tores</strong></span> <span class='ocrx_word' id='word_1_385' title='bbox 436 2546 702 2584; x_wconf 82' lang='lat' dir='ltr'><strong>transmittant</strong></span> <span class='ocrx_word' id='word_1_386' title='bbox 727 2544 777 2583; x_wconf 88' lang='lat' dir='ltr'><strong>ad</strong></span> <span class='ocrx_word' id='word_1_387' title='bbox 804 2544 1016 2583; x_wconf 78' lang='lat' dir='ltr'><strong>videndam</strong></span> <span class='ocrx_word' id='word_1_388' title='bbox 1046 2545 1366 2582; x_wconf 81' lang='lat' dir='ltr'><strong>commissionem</strong></span> <span class='ocrx_word' id='word_1_389' title='bbox 1396 2547 1434 2582; x_wconf 86' lang='lat' dir='ltr'><strong>et</strong></span> <span class='ocrx_word' id='word_1_390' title='bbox 1462 2547 1722 2596; x_wconf 89' lang='lat' dir='ltr'><strong>potestatem,</strong></span> <span class='ocrx_word' id='word_1_391' title='bbox 1753 2544 1877 2601; x_wconf 86' lang='lat' dir='ltr'><strong>sibia</strong></span> <span class='ocrx_word' id='word_1_392' title='bbox 1906 2560 1997 2598; x_wconf 84' lang='lat' dir='ltr'><strong>rege</strong></span> <span class='ocrx_word' id='word_1_393' title='bbox 2026 2545 2295 2586; x_wconf 87' lang='lat' dir='ltr'><strong>Romanorum</strong></span> <span class='ocrx_word' id='word_1_394' title='bbox 2326 2548 2364 2586; x_wconf 93' lang='lat' dir='ltr'><strong>in</strong></span> <span class='ocrx_word' id='word_1_395' title='bbox 2393 2547 2530 2588; x_wconf 84' lang='lat' dir='ltr'><strong>litibus</strong></span> 
     </span>
    </p>
   </div>
   <div class='ocr_carea' id='block_1_18' title="bbox 301 2613 2376 2724">
    <p class='ocr_par' dir='ltr' id='par_1_22' title="bbox 301 2613 2376 2724">
     <span class='ocr_line' id='line_1_46' title="bbox 301 2613 2376 2670; baseline 0.001 -19"><span class='ocrx_word' id='word_1_396' title='bbox 301 2626 432 2652; x_wconf 88' lang='lat' dir='ltr'><strong>eorum</strong></span> <span class='ocrx_word' id='word_1_397' title='bbox 462 2627 550 2653; x_wconf 89' lang='lat' dir='ltr'><strong>cum</strong></span> <span class='ocrx_word' id='word_1_398' title='bbox 577 2614 695 2654; x_wconf 88' lang='lat' dir='ltr'><strong>Erico</strong></span> <span class='ocrx_word' id='word_1_399' title='bbox 724 2615 857 2654; x_wconf 85' lang='lat' dir='ltr'><strong>Daciae</strong></span> <span class='ocrx_word' id='word_1_400' title='bbox 885 2628 977 2666; x_wconf 83' lang='lat' dir='ltr'><strong>rege</strong></span> <span class='ocrx_word' id='word_1_401' title='bbox 1007 2627 1253 2653; x_wconf 82' lang='lat' dir='ltr'><strong>concessam.</strong></span> <span class='ocrx_word' id='word_1_402' title='bbox 1286 2637 1335 2642; x_wconf 95' lang='lat'><strong>—</strong></span> <span class='ocrx_word' id='word_1_403' title='bbox 1366 2613 1646 2668; x_wconf 68' lang='lat' dir='ltr'><strong>Flensborylae,</strong></span> <span class='ocrx_word' id='word_1_404' title='bbox 1678 2615 1742 2655; x_wconf 93' lang='lat' dir='ltr'><strong>die</strong></span> <span class='ocrx_word' id='word_1_405' title='bbox 1771 2615 1896 2655; x_wconf 85' lang='lat' dir='ltr'>XIIII.</span> <span class='ocrx_word' id='word_1_406' title='bbox 1925 2616 2080 2670; x_wconf 88' lang='lat' dir='ltr'><strong>Aprilis</strong></span> <span class='ocrx_word' id='word_1_407' title='bbox 2110 2617 2215 2666; x_wconf 87' lang='lat' dir='ltr'><strong>(sine</strong></span> <span class='ocrx_word' id='word_1_408' title='bbox 2244 2620 2376 2666; x_wconf 89' lang='lat' dir='ltr'><strong>anno).</strong></span> 
     </span>
     <span class='ocr_line' id='line_1_47' title="bbox 695 2680 1260 2724; baseline -0.004 -10"><span class='ocrx_word' id='word_1_409' title='bbox 695 2681 884 2723; x_wconf 81' lang='lat' dir='ltr'><strong>Langebek</strong></span> <span class='ocrx_word' id='word_1_410' title='bbox 910 2680 1050 2724; x_wconf 79' lang='lat' dir='ltr'><strong>Scriptt.</strong></span> <span class='ocrx_word' id='word_1_411' title='bbox 1075 2681 1155 2713; x_wconf 81' lang='lat' dir='ltr'><strong>Vll.</strong></span> <span class='ocrx_word' id='word_1_412' title='bbox 1180 2680 1260 2712; x_wconf 70' lang='lat'><strong>304.</strong></span> 
     </span>
    </p>
   </div>
   <div class='ocr_carea' id='block_1_19' title="bbox 301 2741 2530 2937">
    <p class='ocr_par' dir='ltr' id='par_1_23' title="bbox 301 2741 2530 2937">
     <span class='ocr_line' id='line_1_48' title="bbox 566 2741 2530 2800; baseline 0.003 -19"><span class='ocrx_word' id='word_1_413' title='bbox 566 2741 722 2790; x_wconf 60' lang='lat'><strong>[3392]</strong></span> <span class='ocrx_word' id='word_1_414' title='bbox 781 2743 986 2790; x_wconf 63' lang='lat' dir='ltr'><strong>anrucl,</strong></span> <span class='ocrx_word' id='word_1_415' title='bbox 1017 2743 1131 2782; x_wconf 90' lang='lat' dir='ltr'><strong>ducis</strong></span> <span class='ocrx_word' id='word_1_416' title='bbox 1156 2742 1427 2782; x_wconf 80' lang='lat' dir='ltr'><strong>Slesvicensis</strong></span> <span class='ocrx_word' id='word_1_417' title='bbox 1457 2746 1551 2790; x_wconf 90' lang='lat' dir='ltr'><strong>etc.,</strong></span> <span class='ocrx_word' id='word_1_418' title='bbox 1581 2743 1700 2782; x_wconf 85' lang='lat' dir='ltr'><strong>literae</strong></span> <span class='ocrx_word' id='word_1_419' title='bbox 1725 2743 1774 2782; x_wconf 89' lang='lat' dir='ltr'><strong>ad</strong></span> <span class='ocrx_word' id='word_1_420' title='bbox 1796 2743 2043 2783; x_wconf 81' lang='lat' dir='ltr'><strong>Ludovicum</strong></span> <span class='ocrx_word' id='word_1_421' title='bbox 2064 2742 2114 2782; x_wconf 88' lang='lat' dir='ltr'><strong>de</strong></span> <span class='ocrx_word' id='word_1_422' title='bbox 2139 2742 2353 2792; x_wconf 86' lang='lat' dir='ltr'><strong>Cattaneis,</strong></span> <span class='ocrx_word' id='word_1_423' title='bbox 2384 2746 2530 2800; x_wconf 86' lang='lat' dir='ltr'><strong>quibus</strong></span> 
     </span>
     <span class='ocr_line' id='line_1_49' title="bbox 301 2808 2530 2868; baseline 0.004 -20"><span class='ocrx_word' id='word_1_424' title='bbox 301 2824 345 2848; x_wconf 89' lang='lat' dir='ltr'><strong>se</strong></span> <span class='ocrx_word' id='word_1_425' title='bbox 372 2816 529 2863; x_wconf 89' lang='lat' dir='ltr'><strong>postero</strong></span> <span class='ocrx_word' id='word_1_426' title='bbox 560 2812 620 2851; x_wconf 88' lang='lat' dir='ltr'><strong>die</strong></span> <span class='ocrx_word' id='word_1_427' title='bbox 649 2813 783 2852; x_wconf 85' lang='lat' dir='ltr'><strong>fideles</strong></span> <span class='ocrx_word' id='word_1_428' title='bbox 814 2827 911 2852; x_wconf 88' lang='lat' dir='ltr'><strong>suos</strong></span> <span class='ocrx_word' id='word_1_429' title='bbox 942 2812 991 2852; x_wconf 88' lang='lat' dir='ltr'><strong>ad</strong></span> <span class='ocrx_word' id='word_1_430' title='bbox 1021 2826 1230 2865; x_wconf 88' lang='lat' dir='ltr'><strong>personam</strong></span> <span class='ocrx_word' id='word_1_431' title='bbox 1257 2814 1345 2865; x_wconf 85' lang='lat' dir='ltr'><strong>ejus</strong></span> <span class='ocrx_word' id='word_1_432' title='bbox 1369 2813 1606 2852; x_wconf 87' lang='lat' dir='ltr'><strong>directurum</strong></span> <span class='ocrx_word' id='word_1_433' title='bbox 1626 2813 1847 2866; x_wconf 88' lang='lat' dir='ltr'><strong>pollicetur,</strong></span> <span class='ocrx_word' id='word_1_434' title='bbox 1875 2818 1920 2853; x_wconf 89' lang='lat' dir='ltr'><strong>ut</strong></span> <span class='ocrx_word' id='word_1_435' title='bbox 1951 2827 2022 2853; x_wconf 92' lang='lat' dir='ltr'><strong>eos</strong></span> <span class='ocrx_word' id='word_1_436' title='bbox 2052 2808 2234 2852; x_wconf 84' lang='lat' dir='ltr'><strong>informet</strong></span> <span class='ocrx_word' id='word_1_437' title='bbox 2264 2814 2530 2868; x_wconf 83' lang='lat' dir='ltr'><strong>(Ludovicus)</strong></span> 
     </span>
     <span class='ocr_line' id='line_1_50' title="bbox 303 2880 2529 2937; baseline 0.004 -19"><span class='ocrx_word' id='word_1_438' title='bbox 303 2880 351 2918; x_wconf 91' lang='lat' dir='ltr'><strong>de</strong></span> <span class='ocrx_word' id='word_1_439' title='bbox 391 2884 588 2932; x_wconf 88' lang='lat' dir='ltr'><strong>potestate</strong></span> <span class='ocrx_word' id='word_1_440' title='bbox 630 2882 706 2921; x_wconf 90' lang='lat' dir='ltr'><strong>sibi</strong></span> <span class='ocrx_word' id='word_1_441' title='bbox 752 2896 944 2922; x_wconf 87' lang='lat' dir='ltr'><strong>concessa</strong></span> <span class='ocrx_word' id='word_1_442' title='bbox 989 2885 1028 2922; x_wconf 91' lang='lat' dir='ltr'><strong>in</strong></span> <span class='ocrx_word' id='word_1_443' title='bbox 1071 2882 1210 2922; x_wconf 86' lang='lat' dir='ltr'><strong>litibus</strong></span> <span class='ocrx_word' id='word_1_444' title='bbox 1248 2883 1347 2922; x_wconf 90' lang='lat' dir='ltr'><strong>inter</strong></span> <span class='ocrx_word' id='word_1_445' title='bbox 1382 2883 1505 2922; x_wconf 89' lang='lat' dir='ltr'><strong>duces</strong></span> <span class='ocrx_word' id='word_1_446' title='bbox 1542 2883 1819 2923; x_wconf 85' lang='lat' dir='ltr'><strong>Slesvicenses</strong></span> <span class='ocrx_word' id='word_1_447' title='bbox 1853 2887 1893 2924; x_wconf 88' lang='lat' dir='ltr'><strong>et</strong></span> <span class='ocrx_word' id='word_1_448' title='bbox 1927 2882 2088 2923; x_wconf 87' lang='lat' dir='ltr'><strong>Ericum</strong></span> <span class='ocrx_word' id='word_1_449' title='bbox 2123 2883 2258 2922; x_wconf 77' lang='lat' dir='ltr'><strong>Daniae</strong></span> <span class='ocrx_word' id='word_1_450' title='bbox 2296 2899 2438 2937; x_wconf 82' lang='lat' dir='ltr'><strong>regem.</strong></span> <span class='ocrx_word' id='word_1_451' title='bbox 2474 2910 2529 2917; x_wconf 91' lang='lat'><strong>—</strong></span> 
     </span>
    </p>
   </div>
   <div class='ocr_carea' id='block_1_20' title="bbox 303 2950 1498 3062">
    <p class='ocr_par' dir='ltr' id='par_1_24' title="bbox 303 2950 1498 3062">
     <span class='ocr_line' id='line_1_51' title="bbox 303 2950 1498 3005; baseline 0.002 -16"><span class='ocrx_word' id='word_1_452' title='bbox 303 2950 353 2989; x_wconf 88' lang='lat' dir='ltr'><strong>In</strong></span> <span class='ocrx_word' id='word_1_453' title='bbox 382 2959 519 2989; x_wconf 80' lang='lat' dir='ltr'><strong>castro</strong></span> <span class='ocrx_word' id='word_1_454' title='bbox 553 2950 752 3004; x_wconf 79' lang='lat' dir='ltr'><strong>Gottorp,</strong></span> <span class='ocrx_word' id='word_1_455' title='bbox 782 2954 953 2991; x_wconf 85' lang='lat' dir='ltr'><strong>crastino</strong></span> <span class='ocrx_word' id='word_1_456' title='bbox 982 2953 1197 3005; x_wconf 84' lang='lat' dir='ltr'><strong>palmarum</strong></span> <span class='ocrx_word' id='word_1_457' title='bbox 1229 2954 1336 3002; x_wconf 89' lang='lat' dir='ltr'><strong>(sine</strong></span> <span class='ocrx_word' id='word_1_458' title='bbox 1365 2954 1498 3003; x_wconf 88' lang='lat' dir='ltr'><strong>anno).</strong></span> 
     </span>
     <span class='ocr_line' id='line_1_52' title="bbox 694 3019 1324 3062; baseline 0.003 -12"><span class='ocrx_word' id='word_1_459' title='bbox 694 3019 877 3059; x_wconf 79' lang='lat' dir='ltr'><strong>Langebek</strong></span> <span class='ocrx_word' id='word_1_460' title='bbox 903 3019 1043 3062; x_wconf 68' lang='lat' dir='ltr'><strong>Scriptt.</strong></span> <span class='ocrx_word' id='word_1_461' title='bbox 1070 3020 1150 3052; x_wconf 85' lang='lat' dir='ltr'><strong>Vll.</strong></span> <span class='ocrx_word' id='word_1_462' title='bbox 1174 3019 1324 3052; x_wconf 73' lang='lat'><strong>304—5.</strong></span> 
     </span>
    </p>
   </div>
   <div class='ocr_carea' id='block_1_21' title="bbox 305 3076 2528 3203">
    <p class='ocr_par' dir='ltr' id='par_1_25' title="bbox 305 3076 2528 3203">
     <span class='ocr_line' id='line_1_53' title="bbox 564 3076 2528 3134; baseline 0.005 -19"><span class='ocrx_word' id='word_1_463' title='bbox 564 3076 720 3126; x_wconf 59' lang='lat'><strong>[3393]</strong></span> <span class='ocrx_word' id='word_1_464' title='bbox 776 3079 986 3120; x_wconf 75' lang='lat' dir='ltr'><strong>Lrnovicr</strong></span> <span class='ocrx_word' id='word_1_465' title='bbox 1027 3094 1076 3120; x_wconf 71' lang='lat' dir='ltr'><strong>nn</strong></span> <span class='ocrx_word' id='word_1_466' title='bbox 1115 3080 1331 3120; x_wconf 59' lang='lat' dir='ltr'><strong>Caranus</strong></span> <span class='ocrx_word' id='word_1_467' title='bbox 1368 3080 1509 3128; x_wconf 73' lang='lat' dir='ltr'><strong>literae,</strong></span> <span class='ocrx_word' id='word_1_468' title='bbox 1553 3079 1699 3134; x_wconf 85' lang='lat' dir='ltr'><strong>quibus</strong></span> <span class='ocrx_word' id='word_1_469' title='bbox 1728 3085 1840 3134; x_wconf 88' lang='lat' dir='ltr'><strong>rogat</strong></span> <span class='ocrx_word' id='word_1_470' title='bbox 1867 3081 2077 3121; x_wconf 80' lang='lat' dir='ltr'><strong>Henricum</strong></span> <span class='ocrx_word' id='word_1_471' title='bbox 2115 3080 2254 3121; x_wconf 89' lang='lat' dir='ltr'><strong>ducem</strong></span> <span class='ocrx_word' id='word_1_472' title='bbox 2286 3082 2440 3131; x_wconf 83' lang='lat' dir='ltr'><strong>Slesv.,</strong></span> <span class='ocrx_word' id='word_1_473' title='bbox 2484 3089 2528 3124; x_wconf 83' lang='lat' dir='ltr'><strong>ut</strong></span> 
     </span>
     <span class='ocr_line' id='line_1_54' title="bbox 305 3146 2525 3203; baseline 0.004 -19"><span class='ocrx_word' id='word_1_474' title='bbox 305 3146 561 3198; x_wconf 87' lang='lat' dir='ltr'><strong>personaliter</strong></span> <span class='ocrx_word' id='word_1_475' title='bbox 591 3147 638 3184; x_wconf 89' lang='lat' dir='ltr'><strong>ad</strong></span> <span class='ocrx_word' id='word_1_476' title='bbox 668 3161 711 3186; x_wconf 87' lang='lat' dir='ltr'><strong>se</strong></span> <span class='ocrx_word' id='word_1_477' title='bbox 738 3149 897 3187; x_wconf 82' lang='lat' dir='ltr'><strong>accedat</strong></span> <span class='ocrx_word' id='word_1_478' title='bbox 924 3149 974 3187; x_wconf 87' lang='lat' dir='ltr'><strong>ad</strong></span> <span class='ocrx_word' id='word_1_479' title='bbox 1003 3150 1209 3188; x_wconf 87' lang='lat' dir='ltr'><strong>videndam</strong></span> <span class='ocrx_word' id='word_1_480' title='bbox 1241 3151 1560 3189; x_wconf 88' lang='lat' dir='ltr'><strong>commissionem</strong></span> <span class='ocrx_word' id='word_1_481' title='bbox 1591 3152 1681 3203; x_wconf 88' lang='lat' dir='ltr'><strong>ejus</strong></span> <span class='ocrx_word' id='word_1_482' title='bbox 1718 3151 1754 3190; x_wconf 95' lang='lat' dir='ltr'><strong>in</strong></span> <span class='ocrx_word' id='word_1_483' title='bbox 1795 3150 1928 3190; x_wconf 91' lang='lat' dir='ltr'><strong>litibus</strong></span> <span class='ocrx_word' id='word_1_484' title='bbox 1958 3152 2057 3190; x_wconf 85' lang='lat' dir='ltr'><strong>inter</strong></span> <span class='ocrx_word' id='word_1_485' title='bbox 2087 3151 2209 3192; x_wconf 88' lang='lat' dir='ltr'><strong>duces</strong></span> <span class='ocrx_word' id='word_1_486' title='bbox 2246 3153 2525 3195; x_wconf 82' lang='lat' dir='ltr'><strong>Slesvicenses</strong></span> 
     </span>
    </p>
   </div>
   <div class='ocr_carea' id='block_1_22' title="bbox 304 3214 1966 3328">
    <p class='ocr_par' dir='ltr' id='par_1_26' title="bbox 304 3214 1966 3328">
     <span class='ocr_line' id='line_1_55' title="bbox 304 3214 1966 3273; baseline 0.002 -17"><span class='ocrx_word' id='word_1_487' title='bbox 304 3220 342 3255; x_wconf 91' lang='lat' dir='ltr'><strong>et</strong></span> <span class='ocrx_word' id='word_1_488' title='bbox 370 3214 529 3254; x_wconf 86' lang='lat' dir='ltr'><strong>Ericum</strong></span> <span class='ocrx_word' id='word_1_489' title='bbox 559 3215 686 3255; x_wconf 82' lang='lat' dir='ltr'><strong>Daciae</strong></span> <span class='ocrx_word' id='word_1_490' title='bbox 717 3231 858 3268; x_wconf 80' lang='lat' dir='ltr'><strong>regem.</strong></span> <span class='ocrx_word' id='word_1_491' title='bbox 894 3241 941 3246; x_wconf 84' lang='lat'><strong>-—</strong></span> <span class='ocrx_word' id='word_1_492' title='bbox 973 3219 1225 3271; x_wconf 72' lang='lat' dir='ltr'><strong>Flensborq,</strong></span> <span class='ocrx_word' id='word_1_493' title='bbox 1256 3221 1318 3259; x_wconf 87' lang='lat' dir='ltr'><strong>die</strong></span> <span class='ocrx_word' id='word_1_494' title='bbox 1346 3220 1493 3260; x_wconf 80' lang='lat' dir='ltr'>XVIII.</span> <span class='ocrx_word' id='word_1_495' title='bbox 1520 3220 1672 3273; x_wconf 89' lang='lat' dir='ltr'><strong>Aprilis</strong></span> <span class='ocrx_word' id='word_1_496' title='bbox 1701 3222 1806 3270; x_wconf 87' lang='lat' dir='ltr'><strong>(sine</strong></span> <span class='ocrx_word' id='word_1_497' title='bbox 1835 3221 1966 3270; x_wconf 88' lang='lat' dir='ltr'><strong>anno).</strong></span> 
     </span>
     <span class='ocr_line' id='line_1_56' title="bbox 696 3284 1252 3328; baseline 0.005 -13"><span class='ocrx_word' id='word_1_498' title='bbox 696 3284 879 3326; x_wconf 79' lang='lat' dir='ltr'><strong>Langcbek</strong></span> <span class='ocrx_word' id='word_1_499' title='bbox 905 3285 1042 3328; x_wconf 83' lang='lat' dir='ltr'><strong>Scriptt.</strong></span> <span class='ocrx_word' id='word_1_500' title='bbox 1067 3286 1147 3319; x_wconf 80' lang='lat' dir='ltr'><strong>vn.</strong></span> <span class='ocrx_word' id='word_1_501' title='bbox 1173 3286 1252 3319; x_wconf 77' lang='lat'><strong>305.</strong></span> 
     </span>
    </p>
   </div>
  </div>
 </body>
</html>
